#FeatureId,DATA_DATE,DATA_SRCE,DEC_LONG,DEC_LAT,PID,NAME,STATE,COUNTY,QUAD,LATITUDE,LONGITUDE,POS_DATUM,DATUM_TAG,POS_SRCE,ELEVATION,ELEV_DATUM,ELEV_SRCE,ELLIP_HT,ELLIP_SRCE,POS_ORDER,POS_CHECK,ELEV_ORDER,ELEV_CLASS,ELEV_CHECK,ELLP_ORDER,ELLP_CLASS,FIRST_RECV,LAST_RECV,LAST_COND,LAST_RECBY,SAT_USE,SAT_DATE,STABILITY
         1,20241018,http://www.ngs.noaa.gov/cgi-bin/ds_mark.prl?PidBox=SY0448,-122.31917, 47.59972,SY0448,1,WA,KING,SEATTLE SOUTH (2017),47 35 59.     (N),122 19 09.     (W),NAD 83,(1986),SCALED,42.598,NAVD 88 ,ADJUSTED,,,,,2,0,Y,UNK     ,1962,GOOD,CGS,,,C
         2,20241018,http://www.ngs.noaa.gov/cgi-bin/ds_mark.prl?PidBox=SY0309,-122.40100, 47.67133,SY0309,1 AS 2 C OF S,WA,KING,SHILSHOLE BAY (2017),47 40 16.8    (N),122 24 03.6    (W),NAD 83,(1986),HD_HELD2,34.674,NAVD 88 ,ADJUSTED,,,,,1,2,Y,UNK     ,20060606,GOOD,USPSQD,N,20060606,D
         3,20241018,http://www.ngs.noaa.gov/cgi-bin/ds_mark.prl?PidBox=SY0310,-122.40083, 47.67361,SY0310,1 AS 3 C OF S,WA,KING,SHILSHOLE BAY (2017),47 40 25.     (N),122 24 03.     (W),NAD 83,(1986),SCALED,42.913,NAVD 88 ,ADJUSTED,,,,,1,1,Y,UNK     ,20010421,GOOD,USPSQD,,,C
         4,20241018,http://www.ngs.noaa.gov/cgi-bin/ds_mark.prl?PidBox=SY0311,-122.40097, 47.67953,SY0311,1 AS 4 C OF S,WA,KING,SHILSHOLE BAY (2017),47 40 46.3    (N),122 24 03.5    (W),NAD 83,(1986),HD_HELD2,66.102,NAVD 88 ,ADJUSTED,,,,,1,1,Y,UNK     ,20060606,GOOD,USPSQD,Y,20060606,D
         5,20241018,http://www.ngs.noaa.gov/cgi-bin/ds_mark.prl?PidBox=SY0313,-122.38944, 47.67917,SY0313,1 AS 5 C OF S,WA,KING,SHILSHOLE BAY (2017),47 40 45.     (N),122 23 22.     (W),NAD 83,(1986),SCALED,60.988,NAVD 88 ,ADJUSTED,,,,,1,1,Y,UNK     ,20070312,GOOD,WADT,N,20070312,C
         6,20241018,http://www.ngs.noaa.gov/cgi-bin/ds_mark.prl?PidBox=SY0315,-122.38611, 47.68389,SY0315,1 AS 6 C OF S,WA,KING,SHILSHOLE BAY (2017),47 41 02.     (N),122 23 10.     (W),NAD 83,(1986),SCALED,81.225,NAVD 88 ,ADJUSTED,,,,,1,1,Y,UNK     ,20070312,GOOD,WADT,Y,20070312,D
         7,20241018,http://www.ngs.noaa.gov/cgi-bin/ds_mark.prl?PidBox=SY0316,-122.38639, 47.69028,SY0316,1 AS 7 C OF S,WA,KING,SHILSHOLE BAY (2017),47 41 25.     (N),122 23 11.     (W),NAD 83,(1986),SCALED,89.943,NAVD 88 ,ADJUSTED,,,,,2,1,Y,UNK     ,20070312,GOOD,WADT,N,20070312,C
         8,20241018,http://www.ngs.noaa.gov/cgi-bin/ds_mark.prl?PidBox=SY0461,-122.32247, 47.55869,SY0461,10,WA,KING,SEATTLE SOUTH (2017),47 33 31.29897(N),122 19 20.89910(W),NAD 83,(1991),ADJUSTED,7.080,NAVD 88 ,ADJUSTED,,,2,Y,2,0,Y,1957    ,1965,MARK NOT FOUND,WAHC,,,C
         9,20241018,http://www.ngs.noaa.gov/cgi-bin/ds_mark.prl?PidBox=SX0773,-121.78750, 47.27833,SX0773,1046 T,WA,KING,EAGLE GORGE (2017),47 16 42.     (N),121 47 15.     (W),NAD 83,(1986),SCALED,320.142,NAVD 88 ,ADJUSTED,,,,,1,2,Y,UNK     ,1944,GOOD,CGS,,,B
         10,20241018,http://www.ngs.noaa.gov/cgi-bin/ds_mark.prl?PidBox=SY0462,-122.31991, 47.55484,SY0462,11,WA,KING,SEATTLE SOUTH (2017),47 33 17.41650(N),122 19 11.66531(W),NAD 83,(1991),ADJUSTED,34.137,NAVD 88 ,ADJUSTED,,,2,Y,2,0,Y,1957    ,20060727,MARK NOT FOUND,USPSQD,,,C
         11,20241018,http://www.ngs.noaa.gov/cgi-bin/ds_mark.prl?PidBox=SY1543,-122.31886, 47.55490,SY1543,11,WA,KING,SEATTLE SOUTH (2017),47 33 17.63213(N),122 19 07.89885(W),NAD 83,(1991),ADJUSTED,34.533,NAVD 88 ,ADJUSTED,,,2,Y,2,0,Y,UNK     ,1965,MARK NOT FOUND,WAHC,,,C
         12,20241018,http://www.ngs.noaa.gov/cgi-bin/ds_mark.prl?PidBox=SY0464,-122.30926, 47.54689,SY0464,13,WA,KING,SEATTLE SOUTH (2017),47 32 48.81150(N),122 18 33.32410(W),NAD 83,(1991),ADJUSTED,19.086,NAVD 88 ,ADJUSTED,,,2,Y,2,0,Y,1957    ,20060727,MARK NOT FOUND,USPSQD,,,C
         13,20241018,http://www.ngs.noaa.gov/cgi-bin/ds_mark.prl?PidBox=SX0788,-121.60833, 47.22472,SX0788,1373,WA,KING,NAGROM (2017),47 13 29.     (N),121 36 30.     (W),NAD 83,(1986),SCALED,419.613,NAVD 88 ,ADJUSTED,,,,,1,2,Y,UNK     ,1982,GOOD,NGS,,,B
         14,20241018,http://www.ngs.noaa.gov/cgi-bin/ds_mark.prl?PidBox=SY0465,-122.30380, 47.54102,SY0465,14 WAHC,WA,KING,SEATTLE SOUTH (2017),47 32 27.66904(N),122 18 13.66308(W),NAD 83,(1991),ADJUSTED,7.310,NAVD 88 ,ADJUSTED,,,2,Y,2,0,Y,1957    ,20060427,MARK NOT FOUND,USPSQD,,,C
         15,20241018,http://www.ngs.noaa.gov/cgi-bin/ds_mark.prl?PidBox=SY0466,-122.30119, 47.53972,SY0466,15,WA,KING,SEATTLE SOUTH (2017),47 32 22.99812(N),122 18 04.27459(W),NAD 83,(1991),ADJUSTED,50.275,NAVD 88 ,ADJUSTED,,,2,Y,2,0,Y,1957    ,20060727,MARK NOT FOUND,USPSQD,,,C
         16,20241018,http://www.ngs.noaa.gov/cgi-bin/ds_mark.prl?PidBox=SY0265,-122.34583, 47.57083,SY0265,15.33,WA,KING,SEATTLE SOUTH (2017),47 34 15.     (N),122 20 45.     (W),NAD 83,(1986),SCALED,3.657,NAVD 88 ,ADJUSTED,,,,,2,0,Y,UNK     ,1975,GOOD,NGS,,,B
         17,20241018,http://www.ngs.noaa.gov/cgi-bin/ds_mark.prl?PidBox=SY0467,-122.30150, 47.53923,SY0467,16,WA,KING,SEATTLE SOUTH (2017),47 32 21.23402(N),122 18 05.40464(W),NAD 83,(1991),ADJUSTED,40.718,NAVD 88 ,ADJUSTED,,,2,Y,2,0,Y,1957    ,20060727,MARK NOT FOUND,USPSQD,,,C
         18,20241018,http://www.ngs.noaa.gov/cgi-bin/ds_mark.prl?PidBox=SY0468,-122.29513, 47.53306,SY0468,17,WA,KING,SEATTLE SOUTH (2017),47 31 59.00111(N),122 17 42.48593(W),NAD 83,(1991),ADJUSTED,36.456,NAVD 88 ,ADJUSTED,,,2,Y,2,0,Y,1957    ,1962,MARK NOT FOUND,CGS,,,C
         19,20241018,http://www.ngs.noaa.gov/cgi-bin/ds_mark.prl?PidBox=SX0734,-121.43278, 47.21222,SX0734,1784,WA,KING,LESTER (2017),47 12 44.     (N),121 25 58.     (W),NAD 83,(1986),SCALED,545.123,NAVD 88 ,ADJUSTED,,,,,2,0,Y,UNK     ,1946,GOOD,CGS,,,B
         20,20241018,http://www.ngs.noaa.gov/cgi-bin/ds_mark.prl?PidBox=SY0469,-122.29576, 47.53306,SY0469,18,WA,KING,SEATTLE SOUTH (2017),47 31 59.01986(N),122 17 44.74203(W),NAD 83,(1991),ADJUSTED,33.713,NAVD 88 ,ADJUSTED,,,2,Y,2,0,Y,1957    ,1962,MARK NOT FOUND,CGS,,,C
         21,20241018,http://www.ngs.noaa.gov/cgi-bin/ds_mark.prl?PidBox=SY0473,-122.29156, 47.52399,SY0473,19,WA,KING,SEATTLE SOUTH (2017),47 31 26.37661(N),122 17 29.60350(W),NAD 83,(1991),ADJUSTED,4.581,NAVD 88 ,POSTED,,,2,Y,,,,1957    ,1962,GOOD,CGS,,,D
         22,20241018,http://www.ngs.noaa.gov/cgi-bin/ds_mark.prl?PidBox=SY0297,-122.37806, 47.63306,SY0297,19.92,WA,KING,SHILSHOLE BAY (2017),47 37 59.     (N),122 22 41.     (W),NAD 83,(1986),SCALED,5.179,NAVD 88 ,ADJUSTED,,,,,1,2,Y,UNK     ,20021116,MARK NOT FOUND,USPSQD,,,D
         23,20241018,http://www.ngs.noaa.gov/cgi-bin/ds_mark.prl?PidBox=SY0451,-122.32130, 47.59126,SY0451,2,WA,KING,SEATTLE SOUTH (2017),47 35 28.55068(N),122 19 16.67775(W),NAD 83,(1991),ADJUSTED,22.094,NAVD 88 ,ADJUSTED,,,2,Y,2,0,Y,1957    ,1962,GOOD,CGS,,,D
         24,20241018,http://www.ngs.noaa.gov/cgi-bin/ds_mark.prl?PidBox=SY0320,-122.37250, 47.69611,SY0320,2 A 1,WA,KING,SEATTLE NORTH (2017),47 41 46.     (N),122 22 21.     (W),NAD 83,(1986),SCALED,109.886,NAVD 88 ,ADJUSTED,,,,,1,1,Y,1934    ,20010421,MARK NOT FOUND,USPSQD,,,C
         25,20241018,http://www.ngs.noaa.gov/cgi-bin/ds_mark.prl?PidBox=SY0135,-122.34611, 47.76333,SY0135,2 A 10,WA,KING,EDMONDS EAST (2017),47 45 48.     (N),122 20 46.     (W),NAD 83,(1986),SCALED,145.901,NAVD 88 ,POSTED,,,,,,,,1934    ,20010421,MARK NOT FOUND,USPSQD,,,D
         26,20241018,http://www.ngs.noaa.gov/cgi-bin/ds_mark.prl?PidBox=SY0134,-122.34611, 47.77028,SY0134,2 A 10 S 1,WA,KING,EDMONDS EAST (2017),47 46 13.     (N),122 20 46.     (W),NAD 83,(1986),SCALED,133.445,NAVD 88 ,ADJUSTED,,,,,1,1,Y,1934    ,20010421,POOR,USPSQD,,,C
         27,20241018,http://www.ngs.noaa.gov/cgi-bin/ds_mark.prl?PidBox=SY0132,-122.34611, 47.77722,SY0132,2 A 11 S 1,WA,KING,EDMONDS EAST (2017),47 46 38.     (N),122 20 46.     (W),NAD 83,(1986),SCALED,126.621,NAVD 88 ,ADJUSTED,,,,,1,2,Y,1934    ,20010421,MARK NOT FOUND,USPSQD,,,D
         28,20241018,http://www.ngs.noaa.gov/cgi-bin/ds_mark.prl?PidBox=SY0325,-122.35500, 47.70750,SY0325,2 A 3 S 1,WA,KING,SEATTLE NORTH (2017),47 42 27.     (N),122 21 18.     (W),NAD 83,(1986),SCALED,121.732,NAVD 88 ,ADJUSTED,,,,,1,1,Y,1934    ,20070312,GOOD,WADT,N,20070312,D
         29,20241018,http://www.ngs.noaa.gov/cgi-bin/ds_mark.prl?PidBox=SY0145,-122.34500, 47.73222,SY0145,2 A 8,WA,KING,SEATTLE NORTH (2017),47 43 56.     (N),122 20 42.     (W),NAD 83,(1986),SCALED,147.500,NAVD 88 ,POSTED,,,,,,,,1934    ,20010421,MARK NOT FOUND,USPSQD,,,D
         30,20241018,http://www.ngs.noaa.gov/cgi-bin/ds_mark.prl?PidBox=SY0140,-122.34556, 47.75222,SY0140,2 A 9,WA,KING,EDMONDS EAST (2017),47 45 08.     (N),122 20 44.     (W),NAD 83,(1986),SCALED,142.405,NAVD 88 ,POSTED,,,,,,,,1934    ,20010421,MARK NOT FOUND,USPSQD,,,D
         31,20241018,http://www.ngs.noaa.gov/cgi-bin/ds_mark.prl?PidBox=SY0138,-122.34639, 47.75944,SY0138,2 A 9 S 1 WAGS,WA,KING,EDMONDS EAST (2017),47 45 34.     (N),122 20 47.     (W),NAD 83,(1986),SCALED,146.210,NAVD 88 ,ADJUSTED,,,,,1,1,Y,1934    ,20010421,MARK NOT FOUND,USPSQD,,,B
         32,20241018,http://www.ngs.noaa.gov/cgi-bin/ds_mark.prl?PidBox=SY0474,-122.28684, 47.51455,SY0474,20,WA,KING,SEATTLE SOUTH (2017),47 30 52.36829(N),122 17 12.63697(W),NAD 83,(1991),ADJUSTED,4.585,NAVD 88 ,ADJUSTED,,,2,Y,2,0,Y,1957    ,1962,MARK NOT FOUND,CGS,,,D
         33,20241018,http://www.ngs.noaa.gov/cgi-bin/ds_mark.prl?PidBox=SX0730,-121.39194, 47.17833,SX0730,2096,WA,KING,LESTER (2017),47 10 42.     (N),121 23 31.     (W),NAD 83,(1986),SCALED,639.975,NAVD 88 ,ADJUSTED,,,,,2,0,Y,UNK     ,1946,GOOD,CGS,,,A
         34,20241018,http://www.ngs.noaa.gov/cgi-bin/ds_mark.prl?PidBox=SX0728,-121.38028, 47.17000,SX0728,2242,WA,KING,LESTER (2017),47 10 12.     (N),121 22 49.     (W),NAD 83,(1986),SCALED,684.809,NAVD 88 ,ADJUSTED,,,,,2,0,Y,UNK     ,1946,GOOD,CGS,,,A
         35,20241018,http://www.ngs.noaa.gov/cgi-bin/ds_mark.prl?PidBox=DR3078,-122.33681, 47.60385,DR3078,23,WA,KING,SEATTLE SOUTH (2017),47 36 13.86   (N),122 20 12.51   (W),NAD 83,(1986),HD_HELD1,5.718,NAVD 88 ,ADJUSTED,,,,,2,1,Y,1954    ,20190325,GOOD,WADT,,,C
         36,20241018,http://www.ngs.noaa.gov/cgi-bin/ds_mark.prl?PidBox=DN5698,-122.33740, 47.60329,DN5698,25 RESET,WA,KING,SEATTLE SOUTH (2017),47 36 11.85   (N),122 20 14.65   (W),NAD 83,(1986),HD_HELD1,4.886,NAVD 88 ,ADJUSTED,,,,,2,1,Y,UNK     ,20181022,MARK NOT FOUND,WA1960,N,20090704,
         37,20241018,http://www.ngs.noaa.gov/cgi-bin/ds_mark.prl?PidBox=DR2886,-122.29587, 47.57564,DR2886,2511,WA,KING,SEATTLE SOUTH (2017),47 34 32.32   (N),122 17 45.12   (W),NAD 83,(1986),HD_HELD1,15.561,NAVD 88 ,ADJUSTED,,,,,2,1,Y,20190621,20190621,MONUMENTED,WA1960,N,20190621,D
         38,20241018,http://www.ngs.noaa.gov/cgi-bin/ds_mark.prl?PidBox=DR2884,-122.27697, 47.54963,DR2884,2518,WA,KING,SEATTLE SOUTH (2017),47 32 58.67   (N),122 16 37.08   (W),NAD 83,(1986),HD_HELD1,54.099,NAVD 88 ,ADJUSTED,,,,,2,1,Y,20190621,20190621,MONUMENTED,WA1960,N,20190621,D
         39,20241018,http://www.ngs.noaa.gov/cgi-bin/ds_mark.prl?PidBox=DR2882,-122.27055, 47.53880,DR2882,2521,WA,KING,SEATTLE SOUTH (2017),47 32 19.68   (N),122 16 13.98   (W),NAD 83,(1986),HD_HELD1,25.307,NAVD 88 ,ADJUSTED,,,,,2,1,Y,20190621,20190621,MONUMENTED,WA1960,N,20190621,D
         40,20241018,http://www.ngs.noaa.gov/cgi-bin/ds_mark.prl?PidBox=DR2880,-122.28794, 47.52960,DR2880,2612,WA,KING,SEATTLE SOUTH (2017),47 31 46.55   (N),122 17 16.58   (W),NAD 83,(1986),HD_HELD1,65.799,NAVD 88 ,ADJUSTED,,,,,2,1,Y,20190524,20190524,MONUMENTED,WA1960,Y,20190524,D
         41,20241018,http://www.ngs.noaa.gov/cgi-bin/ds_mark.prl?PidBox=DR2879,-122.29334, 47.53074,DR2879,2629,WA,KING,SEATTLE SOUTH (2017),47 31 50.68   (N),122 17 36.04   (W),NAD 83,(1986),HD_HELD1,19.445,NAVD 88 ,ADJUSTED,,,,,2,1,Y,20190524,20190524,MONUMENTED,WA1960,N,20190524,C
         42,20241018,http://www.ngs.noaa.gov/cgi-bin/ds_mark.prl?PidBox=SY1515,-122.39611, 47.66750,SY1515,28.44 USE,WA,KING,SHILSHOLE BAY (2017),47 40 03.     (N),122 23 46.     (W),NAD 83,(1986),SCALED,7.677,NAVD 88 ,ADJUSTED,,,,,2,1,Y,UNK     ,20010421,MARK NOT FOUND,USPSQD,,,D
         43,20241018,http://www.ngs.noaa.gov/cgi-bin/ds_mark.prl?PidBox=SY0144,-122.34500, 47.73389,SY0144,29 A 1,WA,KING,SEATTLE NORTH (2017),47 44 02.     (N),122 20 42.     (W),NAD 83,(1986),SCALED,147.230,NAVD 88 ,POSTED,,,,,,,,1934    ,20010421,MARK NOT FOUND,USPSQD,,,D
         44,20241018,http://www.ngs.noaa.gov/cgi-bin/ds_mark.prl?PidBox=SY0450,-122.32032, 47.58776,SY0450,3,WA,KING,SEATTLE SOUTH (2017),47 35 15.94326(N),122 19 13.15783(W),NAD 83,(1991),ADJUSTED,25.691,NAVD 88 ,ADJUSTED,,,2,Y,2,0,Y,1957    ,1962,GOOD,CGS,,,D
         45,20241018,http://www.ngs.noaa.gov/cgi-bin/ds_mark.prl?PidBox=SY0359,-122.35056, 47.61806,SY0359,3 A 1 C OF S,WA,KING,SEATTLE SOUTH (2017),47 37 05.     (N),122 21 02.     (W),NAD 83,(1986),SCALED,17.394,NAVD 88 ,ADJUSTED,,,,,1,1,Y,UNK     ,20060627,GOOD,USPSQD,N,20060627,C
         46,20241018,http://www.ngs.noaa.gov/cgi-bin/ds_mark.prl?PidBox=SY0360,-122.35306, 47.61611,SY0360,3 A 1 S 1 C OF S,WA,KING,SEATTLE SOUTH (2017),47 36 58.     (N),122 21 11.     (W),NAD 83,(1986),SCALED,37.099,NAVD 88 ,ADJUSTED,,,,,1,2,Y,UNK     ,20060627,GOOD,USPSQD,N,20060627,C
         47,20241018,http://www.ngs.noaa.gov/cgi-bin/ds_mark.prl?PidBox=SY0361,-122.34750, 47.62028,SY0361,3 A 1 S 2 C OF S,WA,KING,SEATTLE SOUTH (2017),47 37 13.     (N),122 20 51.     (W),NAD 83,(1986),SCALED,35.481,NAVD 88 ,ADJUSTED,,,,,1,2,Y,UNK     ,20060627,GOOD,USPSQD,N,20060627,C
         48,20241018,http://www.ngs.noaa.gov/cgi-bin/ds_mark.prl?PidBox=SY0366,-122.33694, 47.62528,SY0366,3 A 2 C OF S,WA,KING,SEATTLE NORTH (2017),47 37 31.     (N),122 20 13.     (W),NAD 83,(1986),SCALED,8.323,NAVD 88 ,ADJUSTED,,,,,1,2,Y,UNK     ,20060627,GOOD,USPSQD,N,20060627,C
         49,20241018,http://www.ngs.noaa.gov/cgi-bin/ds_mark.prl?PidBox=SY0367,-122.33056, 47.62833,SY0367,3 A 2 S 1 C OF S,WA,KING,SEATTLE NORTH (2017),47 37 42.     (N),122 19 50.     (W),NAD 83,(1986),SCALED,8.825,NAVD 88 ,ADJUSTED,,,,,1,2,Y,UNK     ,20011124,MARK NOT FOUND,USPSQD,,,C
         50,20241018,http://www.ngs.noaa.gov/cgi-bin/ds_mark.prl?PidBox=SY0370,-122.32611, 47.63222,SY0370,3 A 2 S 2 C OF S,WA,KING,SEATTLE NORTH (2017),47 37 56.     (N),122 19 34.     (W),NAD 83,(1986),SCALED,11.154,NAVD 88 ,ADJUSTED,,,,,1,2,Y,UNK     ,20060501,GOOD,USPSQD,N,20060501,C
         51,20241018,http://www.ngs.noaa.gov/cgi-bin/ds_mark.prl?PidBox=SY0374,-122.32556, 47.63667,SY0374,3 A 2 S 3 C OF S,WA,KING,SEATTLE NORTH (2017),47 38 12.     (N),122 19 32.     (W),NAD 83,(1986),SCALED,23.057,NAVD 88 ,ADJUSTED,,,,,1,2,Y,UNK     ,20060501,GOOD,USPSQD,N,20060501,C
         52,20241018,http://www.ngs.noaa.gov/cgi-bin/ds_mark.prl?PidBox=SY0375,-122.32583, 47.63944,SY0375,3 A 2 S 4 C OF S,WA,KING,SEATTLE NORTH (2017),47 38 22.     (N),122 19 33.     (W),NAD 83,(1986),SCALED,32.083,NAVD 88 ,ADJUSTED,,,,,1,2,Y,UNK     ,20060501,GOOD,USPSQD,N,20060501,C
         53,20241018,http://www.ngs.noaa.gov/cgi-bin/ds_mark.prl?PidBox=SY0376,-122.32556, 47.64417,SY0376,3 A 3 C OF S,WA,KING,SEATTLE NORTH (2017),47 38 39.     (N),122 19 32.     (W),NAD 83,(1986),SCALED,22.661,NAVD 88 ,ADJUSTED,,,,,1,2,Y,UNK     ,20060501,GOOD,USPSQD,N,20060501,C
         54,20241018,http://www.ngs.noaa.gov/cgi-bin/ds_mark.prl?PidBox=SY0377,-122.32333, 47.64861,SY0377,3 A 3 S 1 C OF S,WA,KING,SEATTLE NORTH (2017),47 38 55.     (N),122 19 24.     (W),NAD 83,(1986),SCALED,20.082,NAVD 88 ,ADJUSTED,,,,,1,2,Y,UNK     ,20060501,GOOD,USPSQD,N,20060501,C
         55,20241018,http://www.ngs.noaa.gov/cgi-bin/ds_mark.prl?PidBox=SY0378,-122.32106, 47.65168,SY0378,3 A 4,WA,KING,SEATTLE NORTH (2017),47 39 06.03909(N),122 19 15.81452(W),NAD 83,(1991),ADJUSTED,19.047,NAVD 88 ,ADJUSTED,,,3,Y,1,2,Y,1934    ,20190709,GOOD,GEOCAC,N,20021116,C
         56,20241018,http://www.ngs.noaa.gov/cgi-bin/ds_mark.prl?PidBox=SY0379,-122.31709, 47.64692,SY0379,3 A 4 S 1,WA,KING,SEATTLE NORTH (2017),47 38 48.93   (N),122 19 01.52   (W),NAD 83,(1986),HD_HELD1,14.602,NAVD 88 ,ADJUSTED,,,,,2,1,Y,UNK     ,20190325,GOOD,WADT,N,20190325,C
         57,20241018,http://www.ngs.noaa.gov/cgi-bin/ds_mark.prl?PidBox=SY0380,-122.31709, 47.64370,SY0380,3 A 4 S 2,WA,KING,SEATTLE NORTH (2017),47 38 37.33   (N),122 19 01.53   (W),NAD 83,(1986),HD_HELD1,13.565,NAVD 88 ,ADJUSTED,,,,,2,1,Y,UNK     ,20190325,GOOD,WADT,N,20190325,C
         58,20241018,http://www.ngs.noaa.gov/cgi-bin/ds_mark.prl?PidBox=SY0382,-122.30689, 47.64174,SY0382,3 A 5 S 1,WA,KING,SEATTLE NORTH (2017),47 38 30.26   (N),122 18 24.82   (W),NAD 83,(1986),HD_HELD1,19.034,NAVD 88 ,ADJUSTED,,,,,2,1,Y,UNK     ,20090704,GOOD,WADT,N,20090704,C
         59,20241018,http://www.ngs.noaa.gov/cgi-bin/ds_mark.prl?PidBox=SY0353,-122.27627, 47.63681,SY0353,3 A 7,WA,KING,SEATTLE NORTH (2017),47 38 12.50522(N),122 16 34.55612(W),NAD 83,(1991),ADJUSTED,7.900,NAVD 88 ,ADJUSTED,,,3,Y,1,2,Y,1934    ,20021104,GOOD,USPSQD,,,D
         60,20241018,http://www.ngs.noaa.gov/cgi-bin/ds_mark.prl?PidBox=SY0497,-122.23194, 47.30417,SY0497,30 A 4,WA,KING,AUBURN (2017),47 18 15.     (N),122 13 55.     (W),NAD 83,(1986),SCALED,25.926,NAVD 88 ,ADJUSTED,,,,,1,2,Y,1934    ,1988,MARK NOT FOUND,USPSQD,,,D
         61,20241018,http://www.ngs.noaa.gov/cgi-bin/ds_mark.prl?PidBox=DJ9207,-122.30083, 47.67950,DJ9207,3617 16C,WA,KING,SEATTLE NORTH (2017),47 40 46.20   (N),122 18 02.98   (W),NAD 83,(1986),HD_HELD1,71.784,NAVD 88 ,ADJUSTED,,,,,2,1,Y,UNK     ,20190925,GOOD,GEOCAC,Y,20070314,D
         62,20241018,http://www.ngs.noaa.gov/cgi-bin/ds_mark.prl?PidBox=DQ5117,-122.33918, 47.55953,DQ5117,3760 3301,WA,KING,SEATTLE SOUTH (2017),47 33 34.31   (N),122 20 21.06   (W),NAD 83,(1986),HD_HELD1,5.430,NAVD 88 ,ADJUSTED,,,,,2,1,Y,UNK     ,20161104,GOOD,WA1960,N,20161104,D
         63,20241018,http://www.ngs.noaa.gov/cgi-bin/ds_mark.prl?PidBox=SX0760,-121.85028, 47.30472,SX0760,3=891.7,WA,KING,EAGLE GORGE (2017),47 18 17.     (N),121 51 01.     (W),NAD 83,(1986),SCALED,272.939,NAVD 88 ,ADJUSTED,,,,,1,1,Y,UNK     ,1982,GOOD,NGS,,,B
         64,20241018,http://www.ngs.noaa.gov/cgi-bin/ds_mark.prl?PidBox=SY0453,-122.31994, 47.58112,SY0453,4 A,WA,KING,SEATTLE SOUTH (2017),47 34 52.01655(N),122 19 11.78031(W),NAD 83,(1991),ADJUSTED,7.057,NAVD 88 ,ADJUSTED,,,2,Y,2,0,Y,1957    ,20060726,MARK NOT FOUND,USPSQD,,,C
         65,20241018,http://www.ngs.noaa.gov/cgi-bin/ds_mark.prl?PidBox=SY1548,-122.31935, 47.58107,SY1548,4 A,WA,KING,SEATTLE SOUTH (2017),47 34 51.86727(N),122 19 09.65558(W),NAD 83,(1991),ADJUSTED,12.057,NAVD 88 ,ADJUSTED,,,2,Y,2,0,Y,UNK     ,20060726,MARK NOT FOUND,USPSQD,,,C
         66,20241018,http://www.ngs.noaa.gov/cgi-bin/ds_mark.prl?PidBox=SY0397,-122.29250, 47.66083,SY0397,4 A 1 S 1 C OF S,WA,KING,SEATTLE NORTH (2017),47 39 39.     (N),122 17 33.     (W),NAD 83,(1986),SCALED,11.335,NAVD 88 ,ADJUSTED,,,,,1,2,Y,UNK     ,1965,GOOD,CGS,,,C
         67,20241018,http://www.ngs.noaa.gov/cgi-bin/ds_mark.prl?PidBox=SY0398,-122.28917, 47.66028,SY0398,4 A 2,WA,KING,SEATTLE NORTH (2017),47 39 37.     (N),122 17 21.     (W),NAD 83,(1986),SCALED,25.381,NAVD 88 ,ADJUSTED,,,,,1,2,Y,1934    ,20070312,GOOD,WADT,N,20070312,C
         68,20241018,http://www.ngs.noaa.gov/cgi-bin/ds_mark.prl?PidBox=SY0399,-122.28694, 47.66111,SY0399,4 A 2 S 1,WA,KING,SEATTLE NORTH (2017),47 39 40.     (N),122 17 13.     (W),NAD 83,(1986),SCALED,23.160,NAVD 88 ,ADJUSTED,,,,,1,2,Y,UNK     ,19980710,GOOD,NGS,N,19980710,C
         69,20241018,http://www.ngs.noaa.gov/cgi-bin/ds_mark.prl?PidBox=SY0400,-122.27528, 47.66806,SY0400,4 A 3,WA,KING,SEATTLE NORTH (2017),47 40 05.     (N),122 16 31.     (W),NAD 83,(1986),SCALED,47.639,NAVD 88 ,ADJUSTED,,,,,1,2,Y,UNK     ,20010520,MARK NOT FOUND,USPSQD,,,B
         70,20241018,http://www.ngs.noaa.gov/cgi-bin/ds_mark.prl?PidBox=SY0401,-122.27222, 47.66944,SY0401,4 A 3 S 1,WA,KING,SEATTLE NORTH (2017),47 40 10.     (N),122 16 20.     (W),NAD 83,(1986),SCALED,31.215,NAVD 88 ,ADJUSTED,,,,,1,2,Y,UNK     ,20010520,GOOD,USPSQD,N,20000131,C
         71,20241018,http://www.ngs.noaa.gov/cgi-bin/ds_mark.prl?PidBox=SY0414,-122.27694, 47.69639,SY0414,4 A 5,WA,KING,SEATTLE NORTH (2017),47 41 47.     (N),122 16 37.     (W),NAD 83,(1986),SCALED,10.916,NAVD 88 ,ADJUSTED,,,,,1,2,Y,1934    ,20010520,MARK NOT FOUND,USPSQD,,,B
         72,20241018,http://www.ngs.noaa.gov/cgi-bin/ds_mark.prl?PidBox=SY0416,-122.28006, 47.70886,SY0416,4 A 6,WA,KING,SEATTLE NORTH (2017),47 42 31.9    (N),122 16 48.2    (W),NAD 83,(1986),HD_HELD2,58.569,NAVD 88 ,ADJUSTED,,,,,1,2,Y,1934    ,20190807,GOOD,GEOCAC,,,D
         73,20241018,http://www.ngs.noaa.gov/cgi-bin/ds_mark.prl?PidBox=SY0264,-122.32828, 47.56819,SY0264,41 SK,WA,KING,SEATTLE SOUTH (2017),47 34 05.48   (N),122 19 41.82   (W),NAD 83,(1986),HD_HELD1,6.361,NAVD 88 ,ADJUSTED,,,,,2,1,Y,UNK     ,20190325,GOOD,WADT,Y,20190325,B
         74,20241018,http://www.ngs.noaa.gov/cgi-bin/ds_mark.prl?PidBox=SY0454,-122.31909, 47.57897,SY0454,5,WA,KING,SEATTLE SOUTH (2017),47 34 44.30625(N),122 19 08.71409(W),NAD 83,(1991),ADJUSTED,18.466,NAVD 88 ,ADJUSTED,,,2,Y,2,0,Y,1957    ,20060726,MARK NOT FOUND,USPSQD,,,D
         75,20241018,http://www.ngs.noaa.gov/cgi-bin/ds_mark.prl?PidBox=DN5700,-122.35003, 47.61869,DN5700,5028,WA,KING,SEATTLE SOUTH (2017),47 37 07.27   (N),122 21 00.11   (W),NAD 83,(1986),HD_HELD1,39.675,NAVD 88 ,ADJUSTED,,,,,2,1,Y,UNK     ,20230309,MARK NOT FOUND,INDIV,Y,20190325,D
         76,20241018,http://www.ngs.noaa.gov/cgi-bin/ds_mark.prl?PidBox=DQ5126,-122.32604, 47.63818,DQ5126,5095,WA,KING,SEATTLE NORTH (2017),47 38 17.46   (N),122 19 33.73   (W),NAD 83,(1986),HD_HELD1,30.643,NAVD 88 ,ADJUSTED,,,,,2,1,Y,20130402,20160829,GOOD,WA1960,Y,20160829,D
         77,20241018,http://www.ngs.noaa.gov/cgi-bin/ds_mark.prl?PidBox=DL2062,-122.31472, 47.53083,DL2062,5289,WA,KING,SEATTLE SOUTH (2017),47 31 51.     (N),122 18 53.     (W),NAD 83,(1986),SCALED,5.591,NAVD 88 ,ADJUSTED,,,,,2,1,N,UNK     ,20190815,MARK NOT FOUND,GEOCAC,N,20080901,
         78,20241018,http://www.ngs.noaa.gov/cgi-bin/ds_mark.prl?PidBox=AI3164,-122.43833, 47.40639,AI3164,5340,WA,KING,VASHON (2017),47 24 23.     (N),122 26 18.     (W),NAD 83,(1986),SCALED,3.590,NAVD 88 ,POSTED,,,,,,,,1995    ,20240215,GOOD,PACSEI,Y,20240215,C
         79,20241018,http://www.ngs.noaa.gov/cgi-bin/ds_mark.prl?PidBox=DQ5116,-122.33402, 47.55329,DQ5116,5413,WA,KING,SEATTLE SOUTH (2017),47 33 11.86   (N),122 20 02.49   (W),NAD 83,(1986),HD_HELD1,5.227,NAVD 88 ,ADJUSTED,,,,,2,1,Y,UNK     ,20160720,GOOD,WA1960,Y,20160720,D
         80,20241018,http://www.ngs.noaa.gov/cgi-bin/ds_mark.prl?PidBox=DN5695,-122.32926, 47.58596,DN5695,5421,WA,KING,SEATTLE SOUTH (2017),47 35 09.44   (N),122 19 45.33   (W),NAD 83,(1986),HD_HELD1,6.649,NAVD 88 ,ADJUSTED,,,,,2,1,Y,20120718,20160729,GOOD,WA1960,Y,20090704,D
         81,20241018,http://www.ngs.noaa.gov/cgi-bin/ds_mark.prl?PidBox=SY0455,-122.31961, 47.57696,SY0455,6,WA,KING,SEATTLE SOUTH (2017),47 34 37.05944(N),122 19 10.59750(W),NAD 83,(1991),ADJUSTED,21.620,NAVD 88 ,ADJUSTED,,,2,Y,2,0,Y,1957    ,20060726,MARK NOT FOUND,USPSQD,,,D
         82,20241018,http://www.ngs.noaa.gov/cgi-bin/ds_mark.prl?PidBox=SY5675,-122.14283, 47.63139,SY5675,60,WA,KING,KIRKLAND (2017),47 37 53.01   (N),122 08 34.20   (W),NAD 83,(1986),HD_HELD1,95.891,NAVD 88 ,ADJUSTED,,,,,2,2,Y,1990    ,20171026,GOOD,GEOCAC,N,1990,C
         83,20241018,http://www.ngs.noaa.gov/cgi-bin/ds_mark.prl?PidBox=SY5676,-122.13393, 47.63149,SY5676,61,WA,KING,KIRKLAND (2017),47 37 53.37   (N),122 08 02.16   (W),NAD 83,(1986),HD_HELD1,115.837,NAVD 88 ,ADJUSTED,,,,,2,2,Y,1990    ,20171030,GOOD,GEOCAC,N,1990,C
         84,20241018,http://www.ngs.noaa.gov/cgi-bin/ds_mark.prl?PidBox=SY0456,-122.31987, 47.57511,SY0456,7 WAHC,WA,KING,SEATTLE SOUTH (2017),47 34 30.40893(N),122 19 11.54935(W),NAD 83,(1991),ADJUSTED,29.898,NAVD 88 ,ADJUSTED,,,2,Y,2,0,Y,1957    ,1962,MARK NOT FOUND,CGS,,,C
         85,20241018,http://www.ngs.noaa.gov/cgi-bin/ds_mark.prl?PidBox=SX0629,-121.48861, 47.77556,SX0629,759,WA,KING,BARING (2017),47 46 32.     (N),121 29 19.     (W),NAD 83,(1986),SCALED,232.642,NAVD 88 ,ADJUSTED,,,,,2,0,Y,1897    ,1987,MARK NOT FOUND,USPSQD,,,D
         86,20241018,http://www.ngs.noaa.gov/cgi-bin/ds_mark.prl?PidBox=SY0458,-122.32004, 47.57172,SY0458,8,WA,KING,SEATTLE SOUTH (2017),47 34 18.17698(N),122 19 12.14938(W),NAD 83,(1991),ADJUSTED,19.433,NAVD 88 ,ADJUSTED,,,2,Y,2,0,Y,1957    ,1962,SEE DESCRIPTION,CGS,,,C
         87,20241018,http://www.ngs.noaa.gov/cgi-bin/ds_mark.prl?PidBox=SY0156,-122.20944, 47.51889,SY0156,8 A 15,WA,KING,MERCER ISLAND (2017),47 31 08.     (N),122 12 34.     (W),NAD 83,(1986),SCALED,21.65,NAVD 88 ,VERTCON3,,,,,,,,1934    ,20060220,GOOD,USPSQD,,,D
         88,20241018,http://www.ngs.noaa.gov/cgi-bin/ds_mark.prl?PidBox=SY0161,-122.20028, 47.53083,SY0161,8 A 19,WA,KING,MERCER ISLAND (2017),47 31 51.     (N),122 12 01.     (W),NAD 83,(1986),SCALED,11.131,NAVD 88 ,ADJUSTED,,,,,1,2,Y,1934    ,19961203,MARK NOT FOUND,USPSQD,,,D
         89,20241018,http://www.ngs.noaa.gov/cgi-bin/ds_mark.prl?PidBox=SY0164,-122.19583, 47.55083,SY0164,8 A 23,WA,KING,MERCER ISLAND (2017),47 33 03.     (N),122 11 45.     (W),NAD 83,(1986),SCALED,16.69,NAVD 88 ,VERTCON3,,,,,,,,1934    ,1959,MARK NOT FOUND,CGS,,,D
         90,20241018,http://www.ngs.noaa.gov/cgi-bin/ds_mark.prl?PidBox=SY0166,-122.19278, 47.55389,SY0166,8 A 24,WA,KING,MERCER ISLAND (2017),47 33 14.     (N),122 11 34.     (W),NAD 83,(1986),SCALED,18.07,NAVD 88 ,VERTCON3,,,,,,,,1934    ,1954,MARK NOT FOUND,CGS,,,D
         91,20241018,http://www.ngs.noaa.gov/cgi-bin/ds_mark.prl?PidBox=SY0169,-122.18722, 47.56333,SY0169,8 A 28,WA,KING,MERCER ISLAND (2017),47 33 48.     (N),122 11 14.     (W),NAD 83,(1986),SCALED,21.79,NAVD 88 ,VERTCON3,,,,,,,,1934    ,1954,MARK NOT FOUND,CGS,,,D
         92,20241018,http://www.ngs.noaa.gov/cgi-bin/ds_mark.prl?PidBox=SY0170,-122.18194, 47.56694,SY0170,8 A 30,WA,KING,MERCER ISLAND (2017),47 34 01.     (N),122 10 55.     (W),NAD 83,(1986),SCALED,23.35,NAVD 88 ,VERTCON3,,,,,,,,1934    ,1954,MARK NOT FOUND,CGS,,,D
         93,20241018,http://www.ngs.noaa.gov/cgi-bin/ds_mark.prl?PidBox=SY0652,-122.20917, 47.48472,SY0652,8 A 9 K CO,WA,KING,RENTON (2017),47 29 05.     (N),122 12 33.     (W),NAD 83,(1986),SCALED,12.99,NAVD 88 ,VERTCON3,,,,,,,,UNK     ,1959,MARK NOT FOUND,CGS,,,C
         94,20241018,http://www.ngs.noaa.gov/cgi-bin/ds_mark.prl?PidBox=SY0459,-122.32062, 47.56751,SY0459,9,WA,KING,SEATTLE SOUTH (2017),47 34 03.04666(N),122 19 14.24582(W),NAD 83,(1991),ADJUSTED,12.569,NAVD 88 ,ADJUSTED,,,2,Y,2,0,Y,1957    ,1965,MARK NOT FOUND,WAHC,,,C
         95,20241018,http://www.ngs.noaa.gov/cgi-bin/ds_mark.prl?PidBox=SY0327,-122.34472, 47.71944,SY0327,9 A 1 C OF S,WA,KING,SEATTLE NORTH (2017),47 43 10.     (N),122 20 41.     (W),NAD 83,(1986),SCALED,127.260,NAVD 88 ,ADJUSTED,,,,,1,1,Y,UNK     ,20010421,MARK NOT FOUND,USPSQD,,,C
         96,20241018,http://www.ngs.noaa.gov/cgi-bin/ds_mark.prl?PidBox=SY0429,-122.33444, 47.72194,SY0429,9 A 2,WA,KING,SEATTLE NORTH (2017),47 43 19.     (N),122 20 04.     (W),NAD 83,(1986),SCALED,123.259,NAVD 88 ,ADJUSTED,,,,,1,1,Y,1934    ,1983,MARK NOT FOUND,USPSQD,,,D
         97,20241018,http://www.ngs.noaa.gov/cgi-bin/ds_mark.prl?PidBox=SY0427,-122.32333, 47.71944,SY0427,9 A 3,WA,KING,SEATTLE NORTH (2017),47 43 10.     (N),122 19 24.     (W),NAD 83,(1986),SCALED,119.677,NAVD 88 ,ADJUSTED,,,,,1,2,Y,UNK     ,1965,POOR,CGS,,,C
         98,20241018,http://www.ngs.noaa.gov/cgi-bin/ds_mark.prl?PidBox=SY0420,-122.29906, 47.71922,SY0420,9 A 5,WA,KING,SEATTLE NORTH (2017),47 43 09.2    (N),122 17 56.6    (W),NAD 83,(1986),HD_HELD2,61.911,NAVD 88 ,ADJUSTED,,,,,1,2,Y,1934    ,20190807,GOOD,GEOCAC,N,20190807,D
         99,20241018,http://www.ngs.noaa.gov/cgi-bin/ds_mark.prl?PidBox=SY0419,-122.28667, 47.71917,SY0419,9 A 6,WA,KING,SEATTLE NORTH (2017),47 43 09.     (N),122 17 12.     (W),NAD 83,(1986),SCALED,80.365,NAVD 88 ,ADJUSTED,,,,,1,2,Y,1934    ,20170807,GOOD,WA1960,Y,20170807,D
         100,20241018,http://www.ngs.noaa.gov/cgi-bin/ds_mark.prl?PidBox=SX0800,-121.79528, 47.41444,SX0800,920,WA,KING,NORTH BEND (2017),47 24 52.     (N),121 47 43.     (W),NAD 83,(1986),SCALED,281.593,NAVD 88 ,ADJUSTED,,,,,2,0,Y,UNK     ,1966,GOOD,CGS,,,B
         101,20241018,http://www.ngs.noaa.gov/cgi-bin/ds_mark.prl?PidBox=DJ9201,-122.37389, 47.69583,DJ9201,9214,WA,KING,SHILSHOLE BAY (2017),47 41 45.     (N),122 22 26.     (W),NAD 83,(1986),SCALED,108.360,NAVD 88 ,ADJUSTED,,,,,2,1,Y,UNK     ,20070312,GOOD,WADT,Y,20070312,C
         102,20241018,http://www.ngs.noaa.gov/cgi-bin/ds_mark.prl?PidBox=SY0269,-122.35500, 47.57889,SY0269,944 7110 TIDAL 1,WA,KING,SEATTLE SOUTH (2017),47 34 44.     (N),122 21 18.     (W),NAD 83,(1986),SCALED,4.112,NAVD 88 ,ADJUSTED,,,,,2,0,Y,1967    ,1975,GOOD,NGS,,,B
         103,20241018,http://www.ngs.noaa.gov/cgi-bin/ds_mark.prl?PidBox=SY0266,-122.35611, 47.57667,SY0266,944 7110 TIDAL 2,WA,KING,SEATTLE SOUTH (2017),47 34 36.     (N),122 21 22.     (W),NAD 83,(1986),SCALED,4.326,NAVD 88 ,ADJUSTED,,,,,2,0,Y,1967    ,1975,GOOD,NGS,,,D
         104,20241018,http://www.ngs.noaa.gov/cgi-bin/ds_mark.prl?PidBox=SY0268,-122.35528, 47.57472,SY0268,944 7110 TIDAL 3,WA,KING,SEATTLE SOUTH (2017),47 34 29.     (N),122 21 19.     (W),NAD 83,(1986),SCALED,4.593,NAVD 88 ,ADJUSTED,,,,,2,0,Y,1967    ,1975,GOOD,NGS,,,B
         105,20241018,http://www.ngs.noaa.gov/cgi-bin/ds_mark.prl?PidBox=SY0274,-122.36250, 47.58389,SY0274,944 7110 TIDAL 5,WA,KING,SEATTLE SOUTH (2017),47 35 02.     (N),122 21 45.     (W),NAD 83,(1986),SCALED,4.357,NAVD 88 ,ADJUSTED,,,,,2,1,Y,1975    ,1975,MONUMENTED,NOS,,,B
         106,20241018,http://www.ngs.noaa.gov/cgi-bin/ds_mark.prl?PidBox=SY0273,-122.36361, 47.58389,SY0273,944 7110 TIDAL 6,WA,KING,SEATTLE SOUTH (2017),47 35 02.     (N),122 21 49.     (W),NAD 83,(1986),SCALED,4.351,NAVD 88 ,ADJUSTED,,,,,2,1,Y,1975    ,1976,GOOD,NGS,,,C
         107,20241018,http://www.ngs.noaa.gov/cgi-bin/ds_mark.prl?PidBox=SY0271,-122.36389, 47.57806,SY0271,944 7110 TIDAL 7,WA,KING,SEATTLE SOUTH (2017),47 34 41.     (N),122 21 50.     (W),NAD 83,(1986),SCALED,5.669,NAVD 88 ,ADJUSTED,,,,,2,1,Y,1975    ,20190808,MARK NOT FOUND,GEOCAC,,,B
         108,20241018,http://www.ngs.noaa.gov/cgi-bin/ds_mark.prl?PidBox=SY0270,-122.36389, 47.57417,SY0270,944 7110 TIDAL 8,WA,KING,SEATTLE SOUTH (2017),47 34 27.     (N),122 21 50.     (W),NAD 83,(1986),SCALED,4.970,NAVD 88 ,ADJUSTED,,,,,2,1,Y,1975    ,20190808,MARK NOT FOUND,GEOCAC,,,B
         109,20241018,http://www.ngs.noaa.gov/cgi-bin/ds_mark.prl?PidBox=SY0272,-122.36389, 47.58167,SY0272,944 7110 TIDAL 9,WA,KING,SEATTLE SOUTH (2017),47 34 54.     (N),122 21 50.     (W),NAD 83,(1986),SCALED,5.020,NAVD 88 ,ADJUSTED,,,,,2,1,Y,1975    ,20190808,MARK NOT FOUND,GEOCAC,,,B
         110,20241018,http://www.ngs.noaa.gov/cgi-bin/ds_mark.prl?PidBox=SY0347,-122.28472, 47.60139,SY0347,944 7126 TIDAL 3,WA,KING,SEATTLE SOUTH (2017),47 36 05.     (N),122 17 05.     (W),NAD 83,(1986),SCALED,10.218,NAVD 88 ,ADJUSTED,,,,,1,2,Y,1944    ,20190709,MARK NOT FOUND,GEOCAC,,,D
         111,20241018,http://www.ngs.noaa.gov/cgi-bin/ds_mark.prl?PidBox=SY0346,-122.28444, 47.60250,SY0346,944 7126 TIDAL 4,WA,KING,SEATTLE SOUTH (2017),47 36 09.     (N),122 17 04.     (W),NAD 83,(1986),SCALED,10.804,NAVD 88 ,ADJUSTED,,,,,1,2,Y,1944    ,19910704,GOOD,USPSQD,,,B
         112,20241018,http://www.ngs.noaa.gov/cgi-bin/ds_mark.prl?PidBox=SY5720,-122.33707, 47.60245,SY5720,944 7130 13 TIDAL RESET,WA,KING,SEATTLE SOUTH (2017),47 36 08.82   (N),122 20 13.46   (W),NAD 83,(1986),HD_HELD1,5.112,NAVD 88 ,ADJUSTED,,,,,2,1,Y,1989    ,20181022,MARK NOT FOUND,WA1960,N,20090704,D
         113,20241018,http://www.ngs.noaa.gov/cgi-bin/ds_mark.prl?PidBox=SY0290,-122.33866, 47.60377,SY0290,944 7130 TIDAL 11,WA,KING,SEATTLE SOUTH (2017),47 36 13.57512(N),122 20 19.17881(W),NAD 83,(2011),ADJUSTED,4.896,NAVD 88 ,ADJUSTED,-18.790,ADJUSTED,,,2,1,Y,1917    ,20190909,MARK NOT FOUND,GEOCAC,N,20090704,C
         114,20241018,http://www.ngs.noaa.gov/cgi-bin/ds_mark.prl?PidBox=SY0287,-122.33694, 47.60278,SY0287,944 7130 TIDAL 13,WA,KING,SEATTLE SOUTH (2017),47 36 10.     (N),122 20 13.     (W),NAD 83,(1986),SCALED,4.945,NAVD 88 ,ADJUSTED,,,,,1,1,Y,1922    ,20190909,MARK NOT FOUND,GEOCAC,Y,20060630,C
         115,20241018,http://www.ngs.noaa.gov/cgi-bin/ds_mark.prl?PidBox=SY0286,-122.33647, 47.60246,SY0286,944 7130 TIDAL 14,WA,KING,SEATTLE SOUTH (2017),47 36 08.84   (N),122 20 11.31   (W),NAD 83,(1986),HD_HELD1,5.695,NAVD 88 ,ADJUSTED,,,,,1,1,Y,1922    ,20190325,GOOD,WADT,N,20190325,B
         116,20241018,http://www.ngs.noaa.gov/cgi-bin/ds_mark.prl?PidBox=SY0284,-122.33661, 47.60150,SY0284,944 7130 TIDAL 16,WA,KING,SEATTLE SOUTH (2017),47 36 05.40   (N),122 20 11.78   (W),NAD 83,(1986),HD_HELD1,4.947,NAVD 88 ,ADJUSTED,,,,,2,1,Y,1922    ,20190909,MARK NOT FOUND,GEOCAC,Y,20090704,B
         117,20241018,http://www.ngs.noaa.gov/cgi-bin/ds_mark.prl?PidBox=SY0283,-122.33556, 47.60114,SY0283,944 7130 TIDAL 17,WA,KING,SEATTLE SOUTH (2017),47 36 04.1    (N),122 20 08.0    (W),NAD 83,(1986),HD_HELD2,6.515,NAVD 88 ,ADJUSTED,,,,,2,1,Y,1922    ,20090704,GOOD,WADT,N,20090704,B
         118,20241018,http://www.ngs.noaa.gov/cgi-bin/ds_mark.prl?PidBox=SY0288,-122.33523, 47.60419,SY0288,944 7130 TIDAL 21,WA,KING,SEATTLE SOUTH (2017),47 36 15.08   (N),122 20 06.82   (W),NAD 83,(1986),HD_HELD1,14.596,NAVD 88 ,ADJUSTED,,,,,1,1,Y,UNK     ,20090210,GOOD,NGS,N,20090210,D
         119,20241018,http://www.ngs.noaa.gov/cgi-bin/ds_mark.prl?PidBox=SY0329,-122.32778, 47.59972,SY0329,944 7130 TIDAL 22,WA,KING,SEATTLE SOUTH (2017),47 35 59.     (N),122 19 40.     (W),NAD 83,(1986),SCALED,24.099,NAVD 88 ,ADJUSTED,,,,,1,1,Y,UNK     ,20060630,POOR,USPSQD,,,D
         120,20241018,http://www.ngs.noaa.gov/cgi-bin/ds_mark.prl?PidBox=SY0289,-122.33742, 47.60439,SY0289,944 7130 TIDAL 7,WA,KING,SEATTLE SOUTH (2017),47 36 15.80   (N),122 20 14.72   (W),NAD 83,(1986),HD_HELD1,5.869,NAVD 88 ,ADJUSTED,,,,,1,2,Y,UNK     ,20190325,GOOD,WADT,N,20190325,B
         121,20241018,http://www.ngs.noaa.gov/cgi-bin/ds_mark.prl?PidBox=SY5785,-122.32972, 47.59917,SY5785,944 7130 TIDAL BASIC RST,WA,KING,SEATTLE SOUTH (2017),47 35 57.     (N),122 19 47.     (W),NAD 83,(1986),SCALED,17.97,NAVD 88 ,RESET,,,,,3,,Y,1989    ,20060726,GOOD,USPSQD,Y,20060726,C
         122,20241018,http://www.ngs.noaa.gov/cgi-bin/ds_mark.prl?PidBox=SY0387,-122.30681, 47.64750,SY0387,944 7186 TIDAL 1,WA,KING,SEATTLE NORTH (2017),47 38 51.00   (N),122 18 24.50   (W),NAD 83,(1986),HD_HELD1,7.121,NAVD 88 ,ADJUSTED,,,,,1,2,Y,1919    ,20121127,GOOD,GEOCAC,Y,20121127,C
         123,20241018,http://www.ngs.noaa.gov/cgi-bin/ds_mark.prl?PidBox=SY0386,-122.30483, 47.64782,SY0386,944 7186 TIDAL 4,WA,KING,SEATTLE NORTH (2017),47 38 52.14   (N),122 18 17.40   (W),NAD 83,(1986),HD_HELD1,23.425,NAVD 88 ,ADJUSTED,,,,,2,1,Y,1944    ,UNK,SEE DESCRIPTION,GEOCAC,N,20190325,C
         124,20241018,http://www.ngs.noaa.gov/cgi-bin/ds_mark.prl?PidBox=SX0793,-121.53861, 47.20639,SX0793,A 1,WA,KING,NAGROM (2017),47 12 23.     (N),121 32 19.     (W),NAD 83,(1986),SCALED,463.888,NAVD 88 ,ADJUSTED,,,,,1,2,Y,1904    ,1984,MARK NOT FOUND,USGS,,,D
         125,20241018,http://www.ngs.noaa.gov/cgi-bin/ds_mark.prl?PidBox=SX0702,-121.38639, 47.26083,SX0702,A 248,WA,KING,LOST LAKE (2017),47 15 39.     (N),121 23 11.     (W),NAD 83,(1986),SCALED,807.888,NAVD 88 ,ADJUSTED,,,,,1,2,Y,1944    ,1944,MONUMENTED,CGS,,,A
         126,20241018,http://www.ngs.noaa.gov/cgi-bin/ds_mark.prl?PidBox=SX0784,-121.65917, 47.23139,SX0784,A 249,WA,KING,GREENWATER (2017),47 13 53.     (N),121 39 33.     (W),NAD 83,(1986),SCALED,396.167,NAVD 88 ,ADJUSTED,,,,,1,2,Y,1944    ,1955,MARK NOT FOUND,USGS,,,C
         127,20241018,http://www.ngs.noaa.gov/cgi-bin/ds_mark.prl?PidBox=SX0785,-121.65917, 47.23139,SX0785,A 249 RESET,WA,KING,GREENWATER (2017),47 13 53.     (N),121 39 33.     (W),NAD 83,(1986),SCALED,395.82,NAVD 88 ,VERTCON3,,,,,,,,1952    ,1952,MONUMENTED,BPA,,,D
         128,20241018,http://www.ngs.noaa.gov/cgi-bin/ds_mark.prl?PidBox=SX0732,-121.40500, 47.19639,SX0732,A 292,WA,KING,LESTER (2017),47 11 47.     (N),121 24 18.     (W),NAD 83,(1986),SCALED,585.941,NAVD 88 ,ADJUSTED,,,,,2,0,Y,1946    ,1982,MARK NOT FOUND,NGS,,,D
         129,20241018,http://www.ngs.noaa.gov/cgi-bin/ds_mark.prl?PidBox=SY0415,-122.27778, 47.70444,SY0415,A 298,WA,KING,SEATTLE NORTH (2017),47 42 16.     (N),122 16 40.     (W),NAD 83,(1986),SCALED,41.703,NAVD 88 ,ADJUSTED,,,,,1,2,Y,1947    ,20010520,MARK NOT FOUND,USPSQD,,,C
         130,20241018,http://www.ngs.noaa.gov/cgi-bin/ds_mark.prl?PidBox=SY0438,-122.46361, 47.50833,SY0438,A 352 RESET,WA,KING,DUWAMISH HEAD (2017),47 30 30.     (N),122 27 49.     (W),NAD 83,(1986),SCALED,4.951,NAVD 88 ,POSTED,,,,,,,,1958    ,1989,MARK NOT FOUND,USPSQD,,,C
         131,20241018,http://www.ngs.noaa.gov/cgi-bin/ds_mark.prl?PidBox=SY0199,-122.13000, 47.66833,SY0199,A 385,WA,KING,KIRKLAND (2017),47 40 06.     (N),122 07 48.     (W),NAD 83,(1986),SCALED,13.250,NAVD 88 ,ADJUSTED,,,,,1,2,Y,1959    ,20030315,MARK NOT FOUND,USPSQD,,,C
         132,20241018,http://www.ngs.noaa.gov/cgi-bin/ds_mark.prl?PidBox=SY0200,-122.12972, 47.66889,SY0200,A 385 RESET,WA,KING,KIRKLAND (2017),47 40 08.     (N),122 07 47.     (W),NAD 83,(1986),SCALED,12.76,NAVD 88 ,RESET,,,,,3,,N,1965    ,20030315,MARK NOT FOUND,USPSQD,,,D
         133,20241018,http://www.ngs.noaa.gov/cgi-bin/ds_mark.prl?PidBox=SY0487,-122.22944, 47.36056,SY0487,A 407,WA,KING,AUBURN (2017),47 21 38.     (N),122 13 46.     (W),NAD 83,(1986),SCALED,17.543,NAVD 88 ,ADJUSTED,,,,,1,1,Y,1965    ,20180519,MARK NOT FOUND,GEOCAC,,,B
         134,20241018,http://www.ngs.noaa.gov/cgi-bin/ds_mark.prl?PidBox=SY0165,-122.19584, 47.55218,SY0165,A 408,WA,KING,MERCER ISLAND (2017),47 33 07.86   (N),122 11 45.04   (W),NAD 83,(1986),HD_HELD1,17.449,NAVD 88 ,ADJUSTED,,,,,1,2,Y,1965    ,20110613,GOOD,GEOCAC,,,B
         135,20241018,http://www.ngs.noaa.gov/cgi-bin/ds_mark.prl?PidBox=SY0428,-122.32483, 47.72321,SY0428,A 411,WA,KING,SEATTLE NORTH (2017),47 43 23.55   (N),122 19 29.40   (W),NAD 83,(1986),HD_HELD1,121.055,NAVD 88 ,ADJUSTED,,,,,1,2,Y,1965    ,20170420,GOOD,GEOCAC,Y,20170420,B
         136,20241018,http://www.ngs.noaa.gov/cgi-bin/ds_mark.prl?PidBox=SY0255,-122.31890, 47.55246,SY0255,A 460,WA,KING,SEATTLE SOUTH (2017),47 33 08.84   (N),122 19 08.05   (W),NAD 83,(1986),HD_HELD1,7.228,NAVD 88 ,ADJUSTED,,,,,2,1,Y,1973    ,20090704,GOOD,WADT,Y,20090704,B
         137,20241018,http://www.ngs.noaa.gov/cgi-bin/ds_mark.prl?PidBox=DN5699,-122.31976, 47.55311,DN5699,A 460 RM,WA,KING,SEATTLE SOUTH (2017),47 33 11.19   (N),122 19 11.15   (W),NAD 83,(1986),HD_HELD1,5.996,NAVD 88 ,ADJUSTED,,,,,2,1,Y,20090708,20190325,GOOD,WADT,N,20190325,D
         138,20241018,http://www.ngs.noaa.gov/cgi-bin/ds_mark.prl?PidBox=SY0502,-122.21333, 47.30333,SY0502,A 462,WA,KING,AUBURN (2017),47 18 12.     (N),122 12 48.     (W),NAD 83,(1986),SCALED,30.491,NAVD 88 ,ADJUSTED,,,,,1,1,Y,1973    ,20180717,MARK NOT FOUND,GEOCAC,,,
         139,20241018,http://www.ngs.noaa.gov/cgi-bin/ds_mark.prl?PidBox=SY1567,-122.21444, 47.30306,SY1567,A 462 RESET,WA,KING,AUBURN (2017),47 18 11.     (N),122 12 52.     (W),NAD 83,(1986),SCALED,28.094,NAVD 88 ,ADJUSTED,,,,,1,2,Y,1983    ,20180717,MARK NOT FOUND,GEOCAC,N,19950121,C
         140,20241018,http://www.ngs.noaa.gov/cgi-bin/ds_mark.prl?PidBox=SX0765,-121.84028, 47.30111,SX0765,A 463,WA,KING,EAGLE GORGE (2017),47 18 04.     (N),121 50 25.     (W),NAD 83,(1986),SCALED,277.230,NAVD 88 ,ADJUSTED,,,,,1,1,Y,1973    ,1982,GOOD,NGS,,,B
         141,20241018,http://www.ngs.noaa.gov/cgi-bin/ds_mark.prl?PidBox=SX1009,-121.40352, 47.25196,SX1009,A 526,WA,KING,LOST LAKE (2017),47 15 07.05   (N),121 24 12.68   (W),NAD 83,(1986),HD_HELD1,603.540,NAVD 88 ,ADJUSTED,,,,,1,2,Y,1982    ,1988,GOOD,USPSQD,,,C
         142,20241018,http://www.ngs.noaa.gov/cgi-bin/ds_mark.prl?PidBox=SX0985,-121.74394, 47.26928,SX0985,A 529,WA,KING,COUGAR MOUNTAIN (2017),47 16 09.4    (N),121 44 38.2    (W),NAD 83,(1986),HD_HELD2,386.260,NAVD 88 ,ADJUSTED,,,,,1,2,Y,1982    ,20090909,GOOD,WADNR,N,20090909,B
         143,20241018,http://www.ngs.noaa.gov/cgi-bin/ds_mark.prl?PidBox=AI3159,-122.37917, 47.38917,AI3159,A 551,WA,KING,VASHON (2017),47 23 21.     (N),122 22 45.     (W),NAD 83,(1986),SCALED,25.112,NAVD 88 ,POSTED,,,,,,,,1996    ,1996,MONUMENTED,NGS,,,C
         144,20241018,http://www.ngs.noaa.gov/cgi-bin/ds_mark.prl?PidBox=DQ5118,-122.33916, 47.56810,DQ5118,A 554,WA,KING,SEATTLE SOUTH (2017),47 34 05.17   (N),122 20 20.99   (W),NAD 83,(1986),HD_HELD1,5.274,NAVD 88 ,ADJUSTED,,,,,2,1,Y,20160726,20160726,MONUMENTED,WA1960,Y,20160726,B
         145,20241018,http://www.ngs.noaa.gov/cgi-bin/ds_mark.prl?PidBox=DR2888,-122.32924, 47.58596,DR2888,A 555,WA,KING,SEATTLE SOUTH (2017),47 35 09.45   (N),122 19 45.26   (W),NAD 83,(1986),HD_HELD1,6.468,NAVD 88 ,ADJUSTED,,,,,2,1,Y,20190621,20190325,GOOD,WADT,Y,20190325,B
         146,20241018,http://www.ngs.noaa.gov/cgi-bin/ds_mark.prl?PidBox=SX0626,-121.39087, 47.71786,SX0626,A 59,WA,KING,GROTTO (2017),47 43 04.31   (N),121 23 27.13   (W),NAD 83,(1986),HD_HELD1,275.729,NAVD 88 ,ADJUSTED,,,,,2,1,Y,1934    ,20100329,GOOD,WADT,,,B
         147,20241018,http://www.ngs.noaa.gov/cgi-bin/ds_mark.prl?PidBox=SX0861,-121.95889, 47.77417,SX0861,A 68,WA,KING,MONROE (2017),47 46 27.     (N),121 57 32.     (W),NAD 83,(1986),SCALED,14.420,NAVD 88 ,ADJUSTED,,,,,1,2,Y,1934    ,1966,GOOD,CGS,,,C
         148,20241018,http://www.ngs.noaa.gov/cgi-bin/ds_mark.prl?PidBox=SY4419,-122.31206, 47.54027,SY4419,A BOEING,WA,KING,SEATTLE SOUTH (2017),47 32 24.97722(N),122 18 43.41657(W),NAD 83,(1991),ADJUSTED,4.57,NAVD 88 ,VERTCON3,,,1,Y,,,,1953    ,19860615,GOOD,NGS,,,D
         149,20241018,http://www.ngs.noaa.gov/cgi-bin/ds_mark.prl?PidBox=SY3528,-122.08569, 47.64642,SY3528,ADELAIDE,WA,KING,REDMOND (2017),47 38 47.11418(N),122 05 08.49280(W),NAD 83,(1991),ADJUSTED,21.21,NAVD 88 ,VERTCON3,,,2,Y,,,,1937    ,1963,MARK NOT FOUND,CGS,,,C
         150,20241018,http://www.ngs.noaa.gov/cgi-bin/ds_mark.prl?PidBox=SY4465,-122.25351, 47.59259,SY4465,ASH,WA,KING,SEATTLE SOUTH (2017),47 35 33.31095(N),122 15 12.65103(W),NAD 83,(1991),ADJUSTED,8.47,NAVD 88 ,VERTCON3,,,3,Y,,,,1902    ,1941,GOOD,CGS,,,D
         151,20241018,http://www.ngs.noaa.gov/cgi-bin/ds_mark.prl?PidBox=SX1502,-121.95138, 47.71552,SX1502,ASHTON,WA,KING,CARNATION (2017),47 42 55.87795(N),121 57 04.95977(W),NAD 83,(1991),NO CHECK,147.77,NAVD 88 ,VERTCON3,,,2,N,,,,1937    ,19810716,GOOD,NGS,N,19810716,C
         152,20241018,http://www.ngs.noaa.gov/cgi-bin/ds_mark.prl?PidBox=AH6119,-121.95173, 47.71593,AH6119,ASHTON 2 RESET,WA,KING,CARNATION (2017),47 42 57.36036(N),121 57 06.22276(W),NAD 83,(1991),ADJUSTED,149.09,NAVD 88 ,VERTCON3,,,1,Y,,,,1981    ,20171016,GOOD,GEOCAC,N,1981,C
         153,20241018,http://www.ngs.noaa.gov/cgi-bin/ds_mark.prl?PidBox=DL2065,-122.33472, 47.52639,DL2065,ASSELT,WA,KING,SEATTLE SOUTH (2017),47 31 35.     (N),122 20 05.     (W),NAD 83,(1986),SCALED,17.675,NAVD 88 ,ADJUSTED,,,,,2,1,N,20080901,20080901,MONUMENTED,WADT,Y,20080901,C
         154,20241018,http://www.ngs.noaa.gov/cgi-bin/ds_mark.prl?PidBox=DL2066,-122.33500, 47.52639,DL2066,ASSELT RM,WA,KING,SEATTLE SOUTH (2017),47 31 35.     (N),122 20 06.     (W),NAD 83,(1986),SCALED,18.216,NAVD 88 ,ADJUSTED,,,,,2,1,N,20080901,20080901,MONUMENTED,WADT,Y,20080901,B
         155,20241018,http://www.ngs.noaa.gov/cgi-bin/ds_mark.prl?PidBox=SY1593,-122.24911, 47.68568,SY1593,AVIATION 2,WA,KING,SEATTLE NORTH (2017),47 41 08.45283(N),122 14 56.79436(W),NAD 83,(2011),ADJUSTED,7.777,NAVD 88 ,ADJUSTED,-15.962,ADJUSTED,,,3,,Y,1982    ,20000131,GOOD,NGS,Y,20000131,C
         156,20241018,http://www.ngs.noaa.gov/cgi-bin/ds_mark.prl?PidBox=SY1594,-122.24916, 47.68563,SY1594,AVIATION 2 RM 7,WA,KING,SEATTLE NORTH (2017),47 41 08.28268(N),122 14 56.98530(W),NAD 83,(1991),NO CHECK,7.849,NAVD 88 ,ADJUSTED,,,3,N,3,,Y,1982    ,20000131,GOOD,NGS,Y,20000131,C
         157,20241018,http://www.ngs.noaa.gov/cgi-bin/ds_mark.prl?PidBox=SY1595,-122.24922, 47.68573,SY1595,AVIATION 2 RM 8,WA,KING,SEATTLE NORTH (2017),47 41 08.63904(N),122 14 57.18821(W),NAD 83,(1991),NO CHECK,7.801,NAVD 88 ,ADJUSTED,,,3,N,3,,Y,1982    ,20000131,GOOD,NGS,Y,20000131,C
         158,20241018,http://www.ngs.noaa.gov/cgi-bin/ds_mark.prl?PidBox=SY0411,-122.24902, 47.68535,SY0411,AVIATION RM 3,WA,KING,SEATTLE NORTH (2017),47 41 07.26009(N),122 14 56.48559(W),NAD 83,(1991),NO CHECK,8.025,NAVD 88 ,ADJUSTED,,,3,N,1,2,Y,1945    ,20000131,MARK NOT FOUND,NGS,,,C
         159,20241018,http://www.ngs.noaa.gov/cgi-bin/ds_mark.prl?PidBox=SY0594,-122.24167, 47.44111,SY0594,B 139,WA,KING,RENTON (2017),47 26 28.     (N),122 14 30.     (W),NAD 83,(1986),SCALED,9.926,NAVD 88 ,ADJUSTED,,,,,1,2,Y,1938    ,19870719,MARK NOT FOUND,USPSQD,,,C
         160,20241018,http://www.ngs.noaa.gov/cgi-bin/ds_mark.prl?PidBox=SY0619,-122.21861, 47.47528,SY0619,B 147,WA,KING,RENTON (2017),47 28 31.     (N),122 13 07.     (W),NAD 83,(1986),SCALED,8.870,NAVD 88 ,ADJUSTED,,,,,1,2,Y,1938    ,20181102,MARK NOT FOUND,WA1960,,,C
         161,20241018,http://www.ngs.noaa.gov/cgi-bin/ds_mark.prl?PidBox=SX0701,-121.37806, 47.25833,SX0701,B 248,WA,KING,LOST LAKE (2017),47 15 30.     (N),121 22 41.     (W),NAD 83,(1986),SCALED,772.240,NAVD 88 ,ADJUSTED,,,,,1,2,Y,1944    ,1944,MONUMENTED,CGS,,,A
         162,20241018,http://www.ngs.noaa.gov/cgi-bin/ds_mark.prl?PidBox=SX0783,-121.68028, 47.23028,SX0783,B 249,WA,KING,GREENWATER (2017),47 13 49.     (N),121 40 49.     (W),NAD 83,(1986),SCALED,385.948,NAVD 88 ,ADJUSTED,,,,,1,2,Y,1944    ,1944,MONUMENTED,CGS,,,C
         163,20241018,http://www.ngs.noaa.gov/cgi-bin/ds_mark.prl?PidBox=SY0570,-122.22833, 47.28028,SY0570,B 252,WA,KING,AUBURN (2017),47 16 49.     (N),122 13 42.     (W),NAD 83,(1986),SCALED,32.545,NAVD 88 ,ADJUSTED,,,,,1,1,Y,1944    ,1987,MARK NOT FOUND,USPSQD,,,C
         164,20241018,http://www.ngs.noaa.gov/cgi-bin/ds_mark.prl?PidBox=SX0731,-121.39444, 47.18472,SX0731,B 292,WA,KING,LESTER (2017),47 11 05.     (N),121 23 40.     (W),NAD 83,(1986),SCALED,616.277,NAVD 88 ,ADJUSTED,,,,,2,0,Y,1946    ,1982,MARK NOT FOUND,NGS,,,D
         165,20241018,http://www.ngs.noaa.gov/cgi-bin/ds_mark.prl?PidBox=SX0859,-121.97606, 47.75617,SX0859,B 296,WA,KING,MONROE (2017),47 45 22.2    (N),121 58 33.8    (W),NAD 83,(1986),HD_HELD2,14.630,NAVD 88 ,ADJUSTED,,,,,1,2,Y,1947    ,20201031,POOR,USPSQD,,,B
         166,20241018,http://www.ngs.noaa.gov/cgi-bin/ds_mark.prl?PidBox=SY0441,-122.38417, 47.63500,SY0441,B 298 RESET,WA,KING,SHILSHOLE BAY (2017),47 38 06.     (N),122 23 03.     (W),NAD 83,(1986),SCALED,4.34,NAVD 88 ,RESET,,,,,3,,N,1977    ,20190709,MARK NOT FOUND,GEOCAC,,,C
         167,20241018,http://www.ngs.noaa.gov/cgi-bin/ds_mark.prl?PidBox=SY0439,-122.46139, 47.50167,SY0439,B 352,WA,KING,DUWAMISH HEAD (2017),47 30 06.     (N),122 27 41.     (W),NAD 83,(1986),SCALED,65.908,NAVD 88 ,POSTED,,,,,,,,1956    ,1989,MARK NOT FOUND,USPSQD,,,C
         168,20241018,http://www.ngs.noaa.gov/cgi-bin/ds_mark.prl?PidBox=SY0202,-122.12306, 47.67337,SY0202,B 385,WA,KING,REDMOND (2017),47 40 24.14   (N),122 07 23.02   (W),NAD 83,(1986),HD_HELD1,13.711,NAVD 88 ,ADJUSTED,,,,,1,2,Y,1959    ,20180627,GOOD,GEOCAC,N,20180627,B
         169,20241018,http://www.ngs.noaa.gov/cgi-bin/ds_mark.prl?PidBox=SY0163,-122.19638, 47.54242,SY0163,B 408,WA,KING,MERCER ISLAND (2017),47 32 32.70   (N),122 11 46.95   (W),NAD 83,(1986),HD_HELD1,11.857,NAVD 88 ,ADJUSTED,,,,,1,2,Y,1965    ,20110614,GOOD,GEOCAC,N,20110614,B
         170,20241018,http://www.ngs.noaa.gov/cgi-bin/ds_mark.prl?PidBox=SY0299,-122.38167, 47.64111,SY0299,B 458,WA,KING,SHILSHOLE BAY (2017),47 38 28.     (N),122 22 54.     (W),NAD 83,(1986),SCALED,5.575,NAVD 88 ,ADJUSTED,,,,,1,1,Y,1973    ,1984,MARK NOT FOUND,USPSQD,,,B
         171,20241018,http://www.ngs.noaa.gov/cgi-bin/ds_mark.prl?PidBox=SY0253,-122.31401, 47.54754,SY0253,B 460,WA,KING,SEATTLE SOUTH (2017),47 32 51.13   (N),122 18 50.45   (W),NAD 83,(1986),HD_HELD1,8.358,NAVD 88 ,ADJUSTED,,,,,2,1,Y,1973    ,20090704,GOOD,WADT,N,20090704,B
         172,20241018,http://www.ngs.noaa.gov/cgi-bin/ds_mark.prl?PidBox=SY0505,-122.17958, 47.30064,SY0505,B 462,WA,KING,AUBURN (2017),47 18 02.3    (N),122 10 46.5    (W),NAD 83,(1986),HD_HELD2,25.212,NAVD 88 ,ADJUSTED,,,,,1,1,Y,1973    ,20041207,GOOD,WADT,N,20041207,B
         173,20241018,http://www.ngs.noaa.gov/cgi-bin/ds_mark.prl?PidBox=SX0768,-121.82250, 47.29417,SX0768,B 463,WA,KING,EAGLE GORGE (2017),47 17 39.     (N),121 49 21.     (W),NAD 83,(1986),SCALED,293.434,NAVD 88 ,ADJUSTED,,,,,1,1,Y,1973    ,1982,GOOD,NGS,,,A
         174,20241018,http://www.ngs.noaa.gov/cgi-bin/ds_mark.prl?PidBox=SY0229,-122.25417, 47.47167,SY0229,B 50,WA,KING,DES MOINES (2017),47 28 18.     (N),122 15 15.     (W),NAD 83,(1986),SCALED,14.891,NAVD 88 ,ADJUSTED,,,,,1,2,Y,1937    ,1959,MARK NOT FOUND,CGS,,,C
         175,20241018,http://www.ngs.noaa.gov/cgi-bin/ds_mark.prl?PidBox=SX1010,-121.39833, 47.25667,SX1010,B 526,WA,KING,LOST LAKE (2017),47 15 24.     (N),121 23 54.     (W),NAD 83,(1986),SCALED,669.523,NAVD 88 ,ADJUSTED,,,,,1,2,Y,1982    ,1988,GOOD,USPSQD,,,A
         176,20241018,http://www.ngs.noaa.gov/cgi-bin/ds_mark.prl?PidBox=SX0986,-121.72778, 47.26472,SX0986,B 529,WA,KING,COUGAR MOUNTAIN (2017),47 15 53.     (N),121 43 40.     (W),NAD 83,(1986),SCALED,392.524,NAVD 88 ,ADJUSTED,,,,,1,2,Y,1982    ,20090909,MARK NOT FOUND,WADNR,,,B
         177,20241018,http://www.ngs.noaa.gov/cgi-bin/ds_mark.prl?PidBox=DQ5119,-122.33437, 47.56716,DQ5119,B 554,WA,KING,SEATTLE SOUTH (2017),47 34 01.79   (N),122 20 03.74   (W),NAD 83,(1986),HD_HELD1,5.760,NAVD 88 ,ADJUSTED,,,,,2,1,Y,20160727,20160727,MONUMENTED,WA1960,Y,20160727,B
         178,20241018,http://www.ngs.noaa.gov/cgi-bin/ds_mark.prl?PidBox=DR2881,-122.27020, 47.52349,DR2881,B 555,WA,KING,SEATTLE SOUTH (2017),47 31 24.56   (N),122 16 12.71   (W),NAD 83,(1986),HD_HELD1,12.032,NAVD 88 ,ADJUSTED,,,,,2,1,Y,20190626,20190626,MONUMENTED,WA1960,Y,20190626,B
         179,20241018,http://www.ngs.noaa.gov/cgi-bin/ds_mark.prl?PidBox=SX0627,-121.42557, 47.73535,SX0627,B 59,WA,KING,GROTTO (2017),47 44 07.27541(N),121 25 32.06979(W),NAD 83,(2011),ADJUSTED,260.163,NAVD 88 ,ADJUSTED,240.219,ADJUSTED,,,2,1,Y,1934    ,20180530,GOOD,PGSINC,Y,20180530,C
         180,20241018,http://www.ngs.noaa.gov/cgi-bin/ds_mark.prl?PidBox=SX0747,-121.89111, 47.33833,SX0747,B 67,WA,KING,CUMBERLAND (2017),47 20 18.     (N),121 53 28.     (W),NAD 83,(1986),SCALED,279.922,NAVD 88 ,ADJUSTED,,,,,1,2,Y,1934    ,20130331,GOOD,GEOCAC,Y,20130331,C
         181,20241018,http://www.ngs.noaa.gov/cgi-bin/ds_mark.prl?PidBox=SY3769,-122.13712, 47.68971,SY3769,BACKUS,WA,KING,KIRKLAND (2017),47 41 22.96876(N),122 08 13.64371(W),NAD 83,(1991),ADJUSTED,9.51,NAVD 88 ,VERTCON3,,,2,Y,,,,1936    ,1963,MARK NOT FOUND,CGS,,,C
         182,20241018,http://www.ngs.noaa.gov/cgi-bin/ds_mark.prl?PidBox=SX0764,-121.84083, 47.30056,SX0764,BC 0+00,WA,KING,EAGLE GORGE (2017),47 18 02.     (N),121 50 27.     (W),NAD 83,(1986),SCALED,282.936,NAVD 88 ,ADJUSTED,,,,,1,1,Y,1972    ,1982,GOOD,NGS,,,C
         183,20241018,http://www.ngs.noaa.gov/cgi-bin/ds_mark.prl?PidBox=SY5667,-122.16694, 47.62194,SY5667,BEL 1,WA,KING,MERCER ISLAND (2017),47 37 19.     (N),122 10 01.     (W),NAD 83,(1986),SCALED,45.072,NAVD 88 ,ADJUSTED,,,,,2,2,Y,1990    ,20010529,POOR,USPSQD,N,1990,D
         184,20241018,http://www.ngs.noaa.gov/cgi-bin/ds_mark.prl?PidBox=SY5677,-122.14333, 47.61722,SY5677,BEL 11,WA,KING,MERCER ISLAND (2017),47 37 02.     (N),122 08 36.     (W),NAD 83,(1986),SCALED,77.307,NAVD 88 ,ADJUSTED,,,,,2,2,Y,1990    ,20011105,MARK NOT FOUND,USPSQD,N,1990,D
         185,20241018,http://www.ngs.noaa.gov/cgi-bin/ds_mark.prl?PidBox=SY5678,-122.14333, 47.62722,SY5678,BEL 12,WA,KING,KIRKLAND (2017),47 37 38.     (N),122 08 36.     (W),NAD 83,(1986),SCALED,90.765,NAVD 88 ,ADJUSTED,,,,,2,2,Y,1990    ,20171025,MARK NOT FOUND,GEOCAC,N,20010529,D
         186,20241018,http://www.ngs.noaa.gov/cgi-bin/ds_mark.prl?PidBox=SY5679,-122.14889, 47.61500,SY5679,BEL 13,WA,KING,MERCER ISLAND (2017),47 36 54.     (N),122 08 56.     (W),NAD 83,(1986),SCALED,81.735,NAVD 88 ,ADJUSTED,,,,,2,2,Y,1990    ,20060410,MARK NOT FOUND,GEOCAC,N,1990,D
         187,20241018,http://www.ngs.noaa.gov/cgi-bin/ds_mark.prl?PidBox=SY5680,-122.14314, 47.61272,SY5680,BEL 14,WA,KING,MERCER ISLAND (2017),47 36 45.8    (N),122 08 35.3    (W),NAD 83,(1986),HD_HELD2,82.613,NAVD 88 ,ADJUSTED,,,,,2,2,Y,1990    ,20171026,MARK NOT FOUND,GEOCAC,N,1990,D
         188,20241018,http://www.ngs.noaa.gov/cgi-bin/ds_mark.prl?PidBox=SY5681,-122.14222, 47.60278,SY5681,BEL 15,WA,KING,MERCER ISLAND (2017),47 36 10.     (N),122 08 32.     (W),NAD 83,(1986),SCALED,85.525,NAVD 88 ,ADJUSTED,,,,,2,2,Y,1990    ,20011105,MARK NOT FOUND,USPSQD,N,1990,D
         189,20241018,http://www.ngs.noaa.gov/cgi-bin/ds_mark.prl?PidBox=SY5682,-122.14222, 47.59917,SY5682,BEL 16,WA,KING,MERCER ISLAND (2017),47 35 57.     (N),122 08 32.     (W),NAD 83,(1986),SCALED,106.427,NAVD 88 ,ADJUSTED,,,,,2,2,Y,1990    ,20171026,GOOD,GEOCAC,Y,20060711,D
         190,20241018,http://www.ngs.noaa.gov/cgi-bin/ds_mark.prl?PidBox=SY5683,-122.14222, 47.58889,SY5683,BEL 17,WA,KING,MERCER ISLAND (2017),47 35 20.     (N),122 08 32.     (W),NAD 83,(1986),SCALED,126.258,NAVD 88 ,ADJUSTED,,,,,2,2,Y,1990    ,20171026,MARK NOT FOUND,GEOCAC,Y,20060711,D
         191,20241018,http://www.ngs.noaa.gov/cgi-bin/ds_mark.prl?PidBox=SY5684,-122.14289, 47.58556,SY5684,BEL 18,WA,KING,MERCER ISLAND (2017),47 35 08.0    (N),122 08 34.4    (W),NAD 83,(1986),HD_HELD2,131.500,NAVD 88 ,ADJUSTED,,,,,2,2,Y,1990    ,20060711,MARK NOT FOUND,USPSQD,N,1990,D
         192,20241018,http://www.ngs.noaa.gov/cgi-bin/ds_mark.prl?PidBox=SY5685,-122.14117, 47.58094,SY5685,BEL 19,WA,KING,MERCER ISLAND (2017),47 34 51.39   (N),122 08 28.22   (W),NAD 83,(1986),HD_HELD1,105.101,NAVD 88 ,ADJUSTED,,,,,2,2,Y,1990    ,20190815,GOOD,GEOCAC,Y,20060711,C
         193,20241018,http://www.ngs.noaa.gov/cgi-bin/ds_mark.prl?PidBox=SY5668,-122.15861, 47.62361,SY5668,BEL 2,WA,KING,MERCER ISLAND (2017),47 37 25.     (N),122 09 31.     (W),NAD 83,(1986),SCALED,57.263,NAVD 88 ,ADJUSTED,,,,,2,2,Y,1990    ,20010529,MARK NOT FOUND,USPSQD,N,1990,C
         194,20241018,http://www.ngs.noaa.gov/cgi-bin/ds_mark.prl?PidBox=SY5686,-122.13722, 47.58028,SY5686,BEL 20,WA,KING,MERCER ISLAND (2017),47 34 49.     (N),122 08 14.     (W),NAD 83,(1986),SCALED,101.259,NAVD 88 ,ADJUSTED,,,,,2,2,Y,1990    ,20010602,MARK NOT FOUND,USPSQD,N,1990,C
         195,20241018,http://www.ngs.noaa.gov/cgi-bin/ds_mark.prl?PidBox=SY5687,-122.17000, 47.61944,SY5687,BEL 21,WA,KING,MERCER ISLAND (2017),47 37 10.     (N),122 10 12.     (W),NAD 83,(1986),SCALED,57.134,NAVD 88 ,ADJUSTED,,,,,2,2,Y,1990    ,20240724,MARK NOT FOUND,GEOCAC,N,20010602,C
         196,20241018,http://www.ngs.noaa.gov/cgi-bin/ds_mark.prl?PidBox=SY5688,-122.17806, 47.61722,SY5688,BEL 22,WA,KING,MERCER ISLAND (2017),47 37 02.     (N),122 10 41.     (W),NAD 83,(1986),SCALED,45.563,NAVD 88 ,ADJUSTED,,,,,2,2,Y,1990    ,20180525,MARK NOT FOUND,GEOCAC,N,20060415,C
         197,20241018,http://www.ngs.noaa.gov/cgi-bin/ds_mark.prl?PidBox=SY5689,-122.18222, 47.61722,SY5689,BEL 23,WA,KING,MERCER ISLAND (2017),47 37 02.     (N),122 10 56.     (W),NAD 83,(1986),SCALED,44.829,NAVD 88 ,ADJUSTED,,,,,2,2,Y,1990    ,20180525,MARK NOT FOUND,GEOCAC,N,20060415,C
         198,20241018,http://www.ngs.noaa.gov/cgi-bin/ds_mark.prl?PidBox=SY5691,-122.19656, 47.61750,SY5691,BEL 25,WA,KING,MERCER ISLAND (2017),47 37 03.0    (N),122 11 47.6    (W),NAD 83,(1986),HD_HELD2,55.528,NAVD 88 ,ADJUSTED,,,,,2,2,Y,1990    ,20170417,GOOD,USPS,N,20170417,C
         199,20241018,http://www.ngs.noaa.gov/cgi-bin/ds_mark.prl?PidBox=SY5692,-122.20167, 47.61722,SY5692,BEL 26,WA,KING,MERCER ISLAND (2017),47 37 02.     (N),122 12 06.     (W),NAD 83,(1986),SCALED,49.617,NAVD 88 ,ADJUSTED,,,,,2,2,Y,1990    ,20230628,MARK NOT FOUND,USPSQD,N,20170417,C
         200,20241018,http://www.ngs.noaa.gov/cgi-bin/ds_mark.prl?PidBox=SY5693,-122.20725, 47.61750,SY5693,BEL 27,WA,KING,MERCER ISLAND (2017),47 37 03.0    (N),122 12 26.1    (W),NAD 83,(1986),HD_HELD2,56.954,NAVD 88 ,ADJUSTED,,,,,2,2,Y,1990    ,20230628,GOOD,USPSQD,N,20230628,C
         201,20241018,http://www.ngs.noaa.gov/cgi-bin/ds_mark.prl?PidBox=SY5704,-122.21917, 47.63083,SY5704,BEL 28,WA,KING,KIRKLAND (2017),47 37 51.     (N),122 13 09.     (W),NAD 83,(1986),SCALED,91.425,NAVD 88 ,ADJUSTED,,,,,2,2,Y,1990    ,20011208,POOR,USPSQD,N,1990,D
         202,20241018,http://www.ngs.noaa.gov/cgi-bin/ds_mark.prl?PidBox=SY5694,-122.14034, 47.57717,SY5694,BEL 29,WA,KING,MERCER ISLAND (2017),47 34 37.82   (N),122 08 25.21   (W),NAD 83,(1986),HD_HELD1,105.805,NAVD 88 ,ADJUSTED,,,,,2,2,Y,1990    ,20010530,MARK NOT FOUND,USPSQD,N,1990,C
         203,20241018,http://www.ngs.noaa.gov/cgi-bin/ds_mark.prl?PidBox=SY5669,-122.15391, 47.62422,SY5669,BEL 3,WA,KING,MERCER ISLAND (2017),47 37 27.18   (N),122 09 14.07   (W),NAD 83,(1986),HD_HELD1,57.973,NAVD 88 ,ADJUSTED,,,,,2,2,Y,1990    ,20180627,GOOD,GEOCAC,N,1990,C
         204,20241018,http://www.ngs.noaa.gov/cgi-bin/ds_mark.prl?PidBox=SY5695,-122.13972, 47.57611,SY5695,BEL 30,WA,KING,MERCER ISLAND (2017),47 34 34.     (N),122 08 23.     (W),NAD 83,(1986),SCALED,106.764,NAVD 88 ,ADJUSTED,,,,,2,2,Y,1990    ,20060711,MARK NOT FOUND,USPSQD,N,20010602,C
         205,20241018,http://www.ngs.noaa.gov/cgi-bin/ds_mark.prl?PidBox=SY5696,-122.14139, 47.57139,SY5696,BEL 31,WA,KING,MERCER ISLAND (2017),47 34 17.     (N),122 08 29.     (W),NAD 83,(1986),SCALED,137.759,NAVD 88 ,ADJUSTED,,,,,2,2,Y,1990    ,20060711,GOOD,USPSQD,N,20060711,C
         206,20241018,http://www.ngs.noaa.gov/cgi-bin/ds_mark.prl?PidBox=SY5697,-122.13889, 47.55861,SY5697,BEL 32,WA,KING,MERCER ISLAND (2017),47 33 31.     (N),122 08 20.     (W),NAD 83,(1986),SCALED,259.931,NAVD 88 ,ADJUSTED,,,,,2,2,Y,1990    ,20230603,MARK NOT FOUND,USPSQD,N,20060712,C
         207,20241018,http://www.ngs.noaa.gov/cgi-bin/ds_mark.prl?PidBox=SY5698,-122.13194, 47.55528,SY5698,BEL 33,WA,KING,MERCER ISLAND (2017),47 33 19.     (N),122 07 55.     (W),NAD 83,(1986),SCALED,352.869,NAVD 88 ,ADJUSTED,,,,,2,2,Y,1990    ,20230603,GOOD,USPSQD,N,20230603,C
         208,20241018,http://www.ngs.noaa.gov/cgi-bin/ds_mark.prl?PidBox=SY5699,-122.14278, 47.60806,SY5699,BEL 34,WA,KING,MERCER ISLAND (2017),47 36 29.     (N),122 08 34.     (W),NAD 83,(1986),SCALED,80.506,NAVD 88 ,ADJUSTED,,,,,2,2,Y,1990    ,20011105,MARK NOT FOUND,USPSQD,N,1990,C
         209,20241018,http://www.ngs.noaa.gov/cgi-bin/ds_mark.prl?PidBox=SY5700,-122.14194, 47.60250,SY5700,BEL 35,WA,KING,MERCER ISLAND (2017),47 36 09.     (N),122 08 31.     (W),NAD 83,(1986),SCALED,84.989,NAVD 88 ,ADJUSTED,,,,,2,2,Y,1990    ,20011105,MARK NOT FOUND,USPSQD,N,1990,C
         210,20241018,http://www.ngs.noaa.gov/cgi-bin/ds_mark.prl?PidBox=SY5701,-122.14222, 47.59694,SY5701,BEL 36,WA,KING,MERCER ISLAND (2017),47 35 49.     (N),122 08 32.     (W),NAD 83,(1986),SCALED,113.106,NAVD 88 ,ADJUSTED,,,,,2,2,Y,1990    ,20011105,MARK NOT FOUND,USPSQD,N,1990,C
         211,20241018,http://www.ngs.noaa.gov/cgi-bin/ds_mark.prl?PidBox=SY5702,-122.14222, 47.59139,SY5702,BEL 37,WA,KING,MERCER ISLAND (2017),47 35 29.     (N),122 08 32.     (W),NAD 83,(1986),SCALED,118.509,NAVD 88 ,ADJUSTED,,,,,2,2,Y,1990    ,20240517,MARK NOT FOUND,GEOCAC,N,20060711,C
         212,20241018,http://www.ngs.noaa.gov/cgi-bin/ds_mark.prl?PidBox=SY5703,-122.13000, 47.57861,SY5703,BEL 38,WA,KING,MERCER ISLAND (2017),47 34 43.     (N),122 07 48.     (W),NAD 83,(1986),SCALED,102.187,NAVD 88 ,ADJUSTED,,,,,2,2,Y,1990    ,20171028,MARK NOT FOUND,GEOCAC,N,1990,
         213,20241018,http://www.ngs.noaa.gov/cgi-bin/ds_mark.prl?PidBox=SY5670,-122.14917, 47.62528,SY5670,BEL 4,WA,KING,KIRKLAND (2017),47 37 31.     (N),122 08 57.     (W),NAD 83,(1986),SCALED,70.960,NAVD 88 ,ADJUSTED,,,,,2,2,Y,1990    ,20010529,MARK NOT FOUND,USPSQD,N,1990,C
         214,20241018,http://www.ngs.noaa.gov/cgi-bin/ds_mark.prl?PidBox=SY5671,-122.14306, 47.62639,SY5671,BEL 5,WA,KING,KIRKLAND (2017),47 37 35.     (N),122 08 35.     (W),NAD 83,(1986),SCALED,88.953,NAVD 88 ,ADJUSTED,,,,,2,2,Y,1990    ,20230628,MARK NOT FOUND,USPSQD,N,1990,D
         215,20241018,http://www.ngs.noaa.gov/cgi-bin/ds_mark.prl?PidBox=SY5672,-122.14306, 47.62750,SY5672,BEL 6,WA,KING,KIRKLAND (2017),47 37 39.     (N),122 08 35.     (W),NAD 83,(1986),SCALED,91.369,NAVD 88 ,ADJUSTED,,,,,2,2,Y,1990    ,20010529,MARK NOT FOUND,USPSQD,N,1990,C
         216,20241018,http://www.ngs.noaa.gov/cgi-bin/ds_mark.prl?PidBox=SY5673,-122.14306, 47.63111,SY5673,BEL 7,WA,KING,KIRKLAND (2017),47 37 52.     (N),122 08 35.     (W),NAD 83,(1986),SCALED,96.481,NAVD 88 ,ADJUSTED,,,,,2,2,Y,1990    ,20010529,MARK NOT FOUND,USPSQD,N,1990,C
         217,20241018,http://www.ngs.noaa.gov/cgi-bin/ds_mark.prl?PidBox=SY5674,-122.14278, 47.63278,SY5674,BEL 8,WA,KING,KIRKLAND (2017),47 37 58.     (N),122 08 34.     (W),NAD 83,(1986),SCALED,105.974,NAVD 88 ,ADJUSTED,,,,,2,2,Y,1990    ,20010529,MARK NOT FOUND,USPSQD,N,1990,C
         218,20241018,http://www.ngs.noaa.gov/cgi-bin/ds_mark.prl?PidBox=DK3680,-121.96355, 47.20640,DK3680,BIRCH,WA,KING,ENUMCLAW (2017),47 12 23.03   (N),121 57 48.77   (W),NAD 83,(1986),HD_HELD1,234.577,NAVD 88 ,ADJUSTED,,,,,2,1,N,20060101,20190819,MARK NOT FOUND,GEOCAC,Y,20070904,
         219,20241018,http://www.ngs.noaa.gov/cgi-bin/ds_mark.prl?PidBox=DR3080,-122.33975, 47.60507,DR3080,BLACK BEARD,WA,KING,SEATTLE SOUTH (2017),47 36 18.27   (N),122 20 23.11   (W),NAD 83,(1986),HD_HELD1,4.821,NAVD 88 ,ADJUSTED,,,,,2,1,Y,20160817,20190325,GOOD,WADT,N,20190325,A
         220,20241018,http://www.ngs.noaa.gov/cgi-bin/ds_mark.prl?PidBox=SY1597,-122.25694, 47.68694,SY1597,BLDG 1,WA,KING,SEATTLE NORTH (2017),47 41 13.     (N),122 15 25.     (W),NAD 83,(1986),SCALED,7.671,NAVD 88 ,ADJUSTED,,,,,3,,Y,1981    ,20010520,GOOD,USPSQD,,,A
         221,20241018,http://www.ngs.noaa.gov/cgi-bin/ds_mark.prl?PidBox=SX0770,-121.80139, 47.28667,SX0770,BM 2,WA,KING,EAGLE GORGE (2017),47 17 12.     (N),121 48 05.     (W),NAD 83,(1986),SCALED,307.144,NAVD 88 ,ADJUSTED,,,,,1,2,Y,UNK     ,1987,GOOD,USPSQD,,,D
         222,20241018,http://www.ngs.noaa.gov/cgi-bin/ds_mark.prl?PidBox=DR3084,-122.34745, 47.61050,DR3084,BOAT,WA,KING,SEATTLE SOUTH (2017),47 36 37.81   (N),122 20 50.83   (W),NAD 83,(1986),HD_HELD1,4.355,NAVD 88 ,ADJUSTED,,,,,2,1,Y,20150715,20190325,GOOD,WADT,N,20190325,B
         223,20241018,http://www.ngs.noaa.gov/cgi-bin/ds_mark.prl?PidBox=SY0239,-122.30357, 47.53669,SY0239,BOEING A,WA,KING,SEATTLE SOUTH (2017),47 32 12.09   (N),122 18 12.87   (W),NAD 83,(1986),HD_HELD1,6.133,NAVD 88 ,ADJUSTED,,,,,2,1,Y,1944    ,20190809,GOOD,GEOCAC,N,20190809,B
         224,20241018,http://www.ngs.noaa.gov/cgi-bin/ds_mark.prl?PidBox=SY0243,-122.31219, 47.53924,SY0243,BOEING G,WA,KING,SEATTLE SOUTH (2017),47 32 21.26435(N),122 18 43.87279(W),NAD 83,(2011),ADJUSTED,4.33,NAVD 88 ,GPS OBS,-19.086,ADJUSTED,,,,,,1965    ,19970912,GOOD,NGS,Y,19970912,C
         225,20241018,http://www.ngs.noaa.gov/cgi-bin/ds_mark.prl?PidBox=SY0244,-122.31017, 47.53686,SY0244,BOEING J,WA,KING,SEATTLE SOUTH (2017),47 32 12.69970(N),122 18 36.62640(W),NAD 83,(2011),ADJUSTED,4.1,NAVD 88 ,GPS OBS,-19.319,ADJUSTED,,,,,,1965    ,19970912,GOOD,NGS,Y,19970912,C
         226,20241018,http://www.ngs.noaa.gov/cgi-bin/ds_mark.prl?PidBox=SY0245,-122.30816, 47.53448,SY0245,BOEING K,WA,KING,SEATTLE SOUTH (2017),47 32 04.13372(N),122 18 29.38077(W),NAD 83,(2011),ADJUSTED,4.1,NAVD 88 ,GPS OBS,-19.263,ADJUSTED,,,,,,1965    ,19970912,GOOD,NGS,Y,19970912,C
         227,20241018,http://www.ngs.noaa.gov/cgi-bin/ds_mark.prl?PidBox=SY0247,-122.30414, 47.52972,SY0247,BOEING L,WA,KING,SEATTLE SOUTH (2017),47 31 47.00500(N),122 18 14.89408(W),NAD 83,(2011),ADJUSTED,4.9,NAVD 88 ,GPS OBS,-18.463,ADJUSTED,,,,,,1965    ,19970912,GOOD,NGS,Y,19970912,C
         228,20241018,http://www.ngs.noaa.gov/cgi-bin/ds_mark.prl?PidBox=SY4636,-122.39902, 47.51715,SY4636,BRACE,WA,KING,DUWAMISH HEAD (2017),47 31 01.74070(N),122 23 56.45507(W),NAD 83,(1991),ADJUSTED,3.10,NAVD 88 ,VERTCON3,,,1,Y,,,,1921    ,1949,SEE DESCRIPTION,CGS,,,C
         229,20241018,http://www.ngs.noaa.gov/cgi-bin/ds_mark.prl?PidBox=SY3749,-122.23978, 47.64569,SY3749,BRUSH,WA,KING,KIRKLAND (2017),47 38 44.47616(N),122 14 23.22495(W),NAD 83,(1991),ADJUSTED,7.82,NAVD 88 ,VERTCON3,,,1,Y,,,,1902    ,1945,GOOD,CGS,,,C
         230,20241018,http://www.ngs.noaa.gov/cgi-bin/ds_mark.prl?PidBox=SX0782,-121.70361, 47.23194,SX0782,C 249,WA,KING,GREENWATER (2017),47 13 55.     (N),121 42 13.     (W),NAD 83,(1986),SCALED,376.315,NAVD 88 ,ADJUSTED,,,,,1,2,Y,1944    ,1984,MARK NOT FOUND,USGS,,,C
         231,20241018,http://www.ngs.noaa.gov/cgi-bin/ds_mark.prl?PidBox=SY0571,-122.22833, 47.29444,SY0571,C 252,WA,KING,AUBURN (2017),47 17 40.     (N),122 13 42.     (W),NAD 83,(1986),SCALED,29.661,NAVD 88 ,ADJUSTED,,,,,1,1,Y,1944    ,1987,MARK NOT FOUND,USPSQD,,,C
         232,20241018,http://www.ngs.noaa.gov/cgi-bin/ds_mark.prl?PidBox=SX0729,-121.38250, 47.17389,SX0729,C 292,WA,KING,LESTER (2017),47 10 26.     (N),121 22 57.     (W),NAD 83,(1986),SCALED,664.208,NAVD 88 ,ADJUSTED,,,,,2,0,Y,1946    ,1946,MONUMENTED,CGS,,,D
         233,20241018,http://www.ngs.noaa.gov/cgi-bin/ds_mark.prl?PidBox=SX0858,-121.95986, 47.76494,SX0858,C 296,WA,KING,MONROE (2017),47 45 53.8    (N),121 57 35.5    (W),NAD 83,(1986),HD_HELD2,14.579,NAVD 88 ,ADJUSTED,,,,,1,2,Y,1947    ,20201031,POOR,USPSQD,,,B
         234,20241018,http://www.ngs.noaa.gov/cgi-bin/ds_mark.prl?PidBox=SY0381,-122.31079, 47.63953,SY0381,C 298,WA,KING,SEATTLE NORTH (2017),47 38 22.32   (N),122 18 38.86   (W),NAD 83,(1986),HD_HELD1,12.885,NAVD 88 ,ADJUSTED,,,,,2,1,Y,UNK     ,20190325,GOOD,WADT,N,20190325,C
         235,20241018,http://www.ngs.noaa.gov/cgi-bin/ds_mark.prl?PidBox=SY0632,-122.46722, 47.49778,SY0632,C 352 RESET,WA,KING,VASHON (2017),47 29 52.     (N),122 28 02.     (W),NAD 83,(1986),SCALED,113.525,NAVD 88 ,POSTED,,,,,,,,1958    ,1959,GOOD,CGS,,,C
         236,20241018,http://www.ngs.noaa.gov/cgi-bin/ds_mark.prl?PidBox=SY0587,-122.24917, 47.41861,SY0587,C 407,WA,KING,DES MOINES (2017),47 25 07.     (N),122 14 57.     (W),NAD 83,(1986),SCALED,8.693,NAVD 88 ,ADJUSTED,,,,,1,2,Y,1965    ,1989,MARK NOT FOUND,USPSQD,,,B
         237,20241018,http://www.ngs.noaa.gov/cgi-bin/ds_mark.prl?PidBox=SY0588,-122.24994, 47.41940,SY0588,C 407 RESET,WA,KING,DES MOINES (2017),47 25 09.83   (N),122 14 59.80   (W),NAD 83,(1986),HD_HELD1,8.920,NAVD 88 ,ADJUSTED,,,,,1,1,Y,1968    ,20180616,GOOD,GEOCAC,Y,20050302,D
         238,20241018,http://www.ngs.noaa.gov/cgi-bin/ds_mark.prl?PidBox=SY0609,-122.24306, 47.45028,SY0609,C 408 RESET,WA,KING,RENTON (2017),47 27 01.     (N),122 14 35.     (W),NAD 83,(1986),SCALED,9.699,NAVD 88 ,ADJUSTED,,,,,1,1,Y,1969    ,20050302,MARK NOT FOUND,USPSQD,,,C
         239,20241018,http://www.ngs.noaa.gov/cgi-bin/ds_mark.prl?PidBox=SY0395,-122.30306, 47.65556,SY0395,C 411,WA,KING,SEATTLE NORTH (2017),47 39 20.     (N),122 18 11.     (W),NAD 83,(1986),SCALED,15.595,NAVD 88 ,ADJUSTED,,,,,1,2,Y,1965    ,19980710,MARK NOT FOUND,NGS,N,19941212,B
         240,20241018,http://www.ngs.noaa.gov/cgi-bin/ds_mark.prl?PidBox=AB3900,-122.30100, 47.65581,AB3900,C 411 RESET,WA,KING,SEATTLE NORTH (2017),47 39 20.9    (N),122 18 03.6    (W),NAD 83,(1986),HD_HELD2,11.129,NAVD 88 ,ADJUSTED,,,,,2,1,Y,1994    ,20190925,GOOD,GEOCAC,N,20070312,C
         241,20241018,http://www.ngs.noaa.gov/cgi-bin/ds_mark.prl?PidBox=SY0236,-122.27917, 47.50472,SY0236,C 460,WA,KING,SEATTLE SOUTH (2017),47 30 17.     (N),122 16 45.     (W),NAD 83,(1986),SCALED,8.009,NAVD 88 ,ADJUSTED,,,,,1,1,Y,1973    ,1973,MONUMENTED,NGS,,,B
         242,20241018,http://www.ngs.noaa.gov/cgi-bin/ds_mark.prl?PidBox=SY0507,-122.16361, 47.31472,SY0507,C 462,WA,KING,AUBURN (2017),47 18 53.     (N),122 09 49.     (W),NAD 83,(1986),SCALED,41.858,NAVD 88 ,ADJUSTED,,,,,1,1,Y,1973    ,1988,MARK NOT FOUND,USPSQD,,,C
         243,20241018,http://www.ngs.noaa.gov/cgi-bin/ds_mark.prl?PidBox=SX1011,-121.39581, 47.26117,SX1011,C 526,WA,KING,LOST LAKE (2017),47 15 40.2    (N),121 23 44.9    (W),NAD 83,(1986),HD_HELD2,721.439,NAVD 88 ,ADJUSTED,,,,,1,2,Y,1982    ,20080825,GOOD,WADNR,N,20080825,A
         244,20241018,http://www.ngs.noaa.gov/cgi-bin/ds_mark.prl?PidBox=SX0987,-121.73250, 47.25722,SX0987,C 529,WA,KING,COUGAR MOUNTAIN (2017),47 15 26.     (N),121 43 57.     (W),NAD 83,(1986),SCALED,417.005,NAVD 88 ,ADJUSTED,,,,,1,2,Y,1982    ,20090909,GOOD,WADNR,N,20090909,B
         245,20241018,http://www.ngs.noaa.gov/cgi-bin/ds_mark.prl?PidBox=AI3167,-122.41111, 47.39194,AI3167,C 551,WA,KING,VASHON (2017),47 23 31.     (N),122 24 40.     (W),NAD 83,(1986),SCALED,104.960,NAVD 88 ,POSTED,,,,,,,,1996    ,1996,MONUMENTED,NGS,,,B
         246,20241018,http://www.ngs.noaa.gov/cgi-bin/ds_mark.prl?PidBox=DQ5120,-122.32577, 47.57115,DQ5120,C 554,WA,KING,SEATTLE SOUTH (2017),47 34 16.14   (N),122 19 32.76   (W),NAD 83,(1986),HD_HELD1,5.825,NAVD 88 ,ADJUSTED,,,,,2,1,Y,20160728,20190517,GOOD,WA1960,Y,20190517,B
         247,20241018,http://www.ngs.noaa.gov/cgi-bin/ds_mark.prl?PidBox=DR2883,-122.27564, 47.54598,DR2883,C 555,WA,KING,SEATTLE SOUTH (2017),47 32 45.53   (N),122 16 32.30   (W),NAD 83,(1986),HD_HELD1,43.078,NAVD 88 ,ADJUSTED,,,,,2,1,Y,20190621,20190621,MONUMENTED,WA1960,N,20190621,B
         248,20241018,http://www.ngs.noaa.gov/cgi-bin/ds_mark.prl?PidBox=SY3638,-122.22726, 47.59519,SY3638,CAL,WA,KING,MERCER ISLAND (2017),47 35 42.69223(N),122 13 38.12114(W),NAD 83,(1991),ADJUSTED,6.06,NAVD 88 ,VERTCON3,,,3,Y,,,,1919    ,20171013,MARK NOT FOUND,GEOCAC,,,C
         249,20241018,http://www.ngs.noaa.gov/cgi-bin/ds_mark.prl?PidBox=DN5701,-122.31085, 47.64111,DN5701,CALHOUN,WA,KING,SEATTLE NORTH (2017),47 38 28.00377(N),122 18 39.06969(W),NAD 83,(2011),NO CHECK,8.205,NAVD 88 ,ADJUSTED,-15.542,NO CHECK,,N,2,1,Y,20090708,20190325,GOOD,WADT,Y,20190325,B
         250,20241018,http://www.ngs.noaa.gov/cgi-bin/ds_mark.prl?PidBox=SY0384,-122.30431, 47.64677,SY0384,CANAL,WA,KING,SEATTLE NORTH (2017),47 38 48.37241(N),122 18 15.51659(W),NAD 83,(1991),ADJUSTED,23.159,NAVD 88 ,ADJUSTED,,,3,Y,1,2,Y,1915    ,20190325,GOOD,WADT,N,20190325,D
         251,20241018,http://www.ngs.noaa.gov/cgi-bin/ds_mark.prl?PidBox=SY3736,-122.15323, 47.71997,SY3736,CARNATION,WA,KING,KIRKLAND (2017),47 43 11.87557(N),122 09 11.62029(W),NAD 83,(1991),ADJUSTED,50.63,NAVD 88 ,VERTCON3,,,2,Y,,,,1936    ,20171004,MARK NOT FOUND,INDIV,,,C
         252,20241018,http://www.ngs.noaa.gov/cgi-bin/ds_mark.prl?PidBox=DR6320,-122.19146, 47.61419,DR6320,CBLV BASE ARP,WA,KING,MERCER ISLAND (2017),47 36 51.07451(N),122 11 29.27080(W),NAD 83,(2011),ADJUSTED,69.79,NAVD 88 ,GPS OBS,46.147,ADJUSTED,,,,,,20191215,20191215,MONUMENTED,WA1960,Y,20191215,D
         253,20241018,http://www.ngs.noaa.gov/cgi-bin/ds_mark.prl?PidBox=SY0362,-122.34889, 47.62028,SY0362,CENTURY 21,WA,KING,SEATTLE SOUTH (2017),47 37 13.     (N),122 20 56.     (W),NAD 83,(1986),SCALED,41.68,NAVD 88 ,VERTCON3,,,,,,,,1962    ,20020822,MARK NOT FOUND,USPSQD,,,D
         254,20241018,http://www.ngs.noaa.gov/cgi-bin/ds_mark.prl?PidBox=DJ9208,-122.30056, 47.67583,DJ9208,CHEVRON,WA,KING,SEATTLE NORTH (2017),47 40 33.     (N),122 18 02.     (W),NAD 83,(1986),SCALED,62.690,NAVD 88 ,ADJUSTED,,,,,2,1,Y,20070312,20170731,GOOD,WA1960,Y,20170731,D
         255,20241018,http://www.ngs.noaa.gov/cgi-bin/ds_mark.prl?PidBox=SY2009,-122.20160, 47.34115,SY2009,CHRISTOPHER,WA,KING,AUBURN (2017),47 20 28.14050(N),122 12 05.76459(W),NAD 83,(1991),ADJUSTED,120.37,NAVD 88 ,VERTCON3,,,1,Y,,,,1936    ,1988,GOOD,USPSQD,,,C
         256,20241018,http://www.ngs.noaa.gov/cgi-bin/ds_mark.prl?PidBox=SY3668,-122.19492, 47.61013,SY3668,CHURCH,WA,KING,MERCER ISLAND (2017),47 36 36.48408(N),122 11 41.70013(W),NAD 83,(1991),ADJUSTED,46.09,NAVD 88 ,VERTCON3,,,3,Y,,,,1938    ,20011020,MARK NOT FOUND,USPSQD,,,D
         257,20241018,http://www.ngs.noaa.gov/cgi-bin/ds_mark.prl?PidBox=SY0418,-122.28460, 47.72643,SY0418,CISTERN,WA,KING,SEATTLE NORTH (2017),47 43 35.13682(N),122 17 04.54813(W),NAD 83,(1991),ADJUSTED,98.012,NAVD 88 ,ADJUSTED,,,1,Y,1,2,Y,1933    ,1983,MARK NOT FOUND,USPSQD,,,C
         258,20241018,http://www.ngs.noaa.gov/cgi-bin/ds_mark.prl?PidBox=SY0417,-122.28466, 47.72654,SY0417,CISTERN RM 2,WA,KING,SEATTLE NORTH (2017),47 43 35.54   (N),122 17 04.76   (W),NAD 83,(1986),HD_HELD1,98.139,NAVD 88 ,ADJUSTED,,,,,1,2,Y,1933    ,1961,GOOD,CGS,,,C
         259,20241018,http://www.ngs.noaa.gov/cgi-bin/ds_mark.prl?PidBox=SY0282,-122.33364, 47.60208,SY0282,CITY 1,WA,KING,SEATTLE SOUTH (2017),47 36 07.50   (N),122 20 01.12   (W),NAD 83,(1986),HD_HELD1,8.687,NAVD 88 ,ADJUSTED,,,,,1,1,Y,1904    ,20230703,GOOD,INDIV,N,20230703,D
         260,20241018,http://www.ngs.noaa.gov/cgi-bin/ds_mark.prl?PidBox=SY3615,-122.21357, 47.53413,SY3615,CLAY,WA,KING,MERCER ISLAND (2017),47 32 02.87381(N),122 12 48.85436(W),NAD 83,(1991),ADJUSTED,7.43,NAVD 88 ,VERTCON3,,,3,Y,,,,1919    ,1956,MARK NOT FOUND,CGS,,,C
         261,20241018,http://www.ngs.noaa.gov/cgi-bin/ds_mark.prl?PidBox=SY3751,-122.21858, 47.63181,SY3751,CLYDE,WA,KING,KIRKLAND (2017),47 37 54.51854(N),122 13 06.88242(W),NAD 83,(1991),ADJUSTED,91.96,NAVD 88 ,VERTCON3,,,1,Y,,,,1933    ,1961,MARK NOT FOUND,CGS,,,C
         262,20241018,http://www.ngs.noaa.gov/cgi-bin/ds_mark.prl?PidBox=SY3558,-122.10799, 47.54421,SY3558,COAL CREEK ECC,WA,KING,ISSAQUAH (2017),47 32 39.14683(N),122 06 28.74941(W),NAD 83,(1991),ADJUSTED,444.33,NAVD 88 ,VERTCON3,,,2,Y,,,,1936    ,1949,MARK NOT FOUND,CGS,,,C
         263,20241018,http://www.ngs.noaa.gov/cgi-bin/ds_mark.prl?PidBox=DR6972,-122.17497, 47.48394,DR6972,COAN BASE ARP,WA,KING,RENTON (2017),47 29 02.19011(N),122 10 29.87888(W),NAD 83,(2011),ADJUSTED,110.27,NAVD 88 ,GPS OBS,87.257,ADJUSTED,,,,,,20210813,20210813,MONUMENTED,WSRN,Y,20210813,D
         264,20241018,http://www.ngs.noaa.gov/cgi-bin/ds_mark.prl?PidBox=DL2069,-122.34139, 47.51694,DL2069,CONCORD,WA,KING,SEATTLE SOUTH (2017),47 31 01.     (N),122 20 29.     (W),NAD 83,(1986),SCALED,121.682,NAVD 88 ,ADJUSTED,,,,,2,1,N,20080901,20080901,MONUMENTED,WADT,Y,20080901,B
         265,20241018,http://www.ngs.noaa.gov/cgi-bin/ds_mark.prl?PidBox=SY3536,-122.12372, 47.64127,SY3536,CONSOLATION,WA,KING,KIRKLAND (2017),47 38 28.58659(N),122 07 25.40183(W),NAD 83,(1991),ADJUSTED,105.73,NAVD 88 ,VERTCON3,,,2,Y,,,,1936    ,20190801,MARK NOT FOUND,GEOCAC,,,
         266,20241018,http://www.ngs.noaa.gov/cgi-bin/ds_mark.prl?PidBox=DQ7306,-122.30192, 47.65612,DQ7306,COS 0251,WA,KING,SEATTLE NORTH (2017),47 39 22.04   (N),122 18 06.90   (W),NAD 83,(1986),HD_HELD1,14.460,NAVD 88 ,ADJUSTED,,,,,2,1,Y,20170810,20170810,MONUMENTED,WA1960,N,20170810,D
         267,20241018,http://www.ngs.noaa.gov/cgi-bin/ds_mark.prl?PidBox=SY3825,-122.32794, 47.63537,SY3825,COSURVEY,WA,KING,SEATTLE NORTH (2017),47 38 07.33963(N),122 19 40.58651(W),NAD 83,(1991),ADJUSTED,8.16,NAVD 88 ,VERTCON3,,,3,Y,,,,1969    ,20021116,SEE DESCRIPTION,USPSQD,Y,19901030,C
         268,20241018,http://www.ngs.noaa.gov/cgi-bin/ds_mark.prl?PidBox=DK3683,-121.89556, 47.32722,DK3683,COURTNEY,WA,KING,CUMBERLAND (2017),47 19 38.     (N),121 53 44.     (W),NAD 83,(1986),SCALED,270.509,NAVD 88 ,ADJUSTED,,,,,2,1,Y,20060101,20070904,GOOD,WADT,N,20070904,B
         269,20241018,http://www.ngs.noaa.gov/cgi-bin/ds_mark.prl?PidBox=DJ9211,-122.37667, 47.68686,DJ9211,CP8 18,WA,KING,SHILSHOLE BAY (2017),47 41 12.7    (N),122 22 36.0    (W),NAD 83,(1986),HD_HELD2,96.351,NAVD 88 ,ADJUSTED,,,,,2,1,Y,UNK     ,20150515,GOOD,GEOCAC,Y,20150515,D
         270,20241018,http://www.ngs.noaa.gov/cgi-bin/ds_mark.prl?PidBox=DR3081,-122.34053, 47.60592,DR3081,CRAB POT,WA,KING,SEATTLE SOUTH (2017),47 36 21.3    (N),122 20 25.9    (W),NAD 83,(1986),HD_HELD2,4.911,NAVD 88 ,ADJUSTED,,,,,2,1,Y,20160229,20190325,GOOD,WADT,N,20190325,A
         271,20241018,http://www.ngs.noaa.gov/cgi-bin/ds_mark.prl?PidBox=SX1481,-121.99852, 47.62224,SX1481,CRYSTAL,WA,KING,FALL CITY (2017),47 37 20.07800(N),121 59 54.66856(W),NAD 83,(1991),ADJUSTED,128.40,NAVD 88 ,VERTCON3,,,3,Y,,,,1937    ,1958,GOOD,BPA,,,C
         272,20241018,http://www.ngs.noaa.gov/cgi-bin/ds_mark.prl?PidBox=DR6307,-122.23578, 47.38057,DR6307,CSKI BASE ARP,WA,KING,RENTON (2017),47 22 50.04248(N),122 14 08.82204(W),NAD 83,(2011),ADJUSTED,33.42,NAVD 88 ,GPS OBS,10.606,ADJUSTED,,,,,,20191215,20191215,MONUMENTED,WA1960,Y,20191215,D
         273,20241018,http://www.ngs.noaa.gov/cgi-bin/ds_mark.prl?PidBox=DK3669,-121.92801, 47.28348,DK3669,CUMBERLAND,WA,KING,CUMBERLAND (2017),47 17 00.52   (N),121 55 40.82   (W),NAD 83,(1986),HD_HELD1,254.248,NAVD 88 ,ADJUSTED,,,,,2,1,N,20011119,20070904,GOOD,WADT,Y,20070904,C
         274,20241018,http://www.ngs.noaa.gov/cgi-bin/ds_mark.prl?PidBox=SY0201,-122.13389, 47.67306,SY0201,D 101,WA,KING,KIRKLAND (2017),47 40 23.     (N),122 08 02.     (W),NAD 83,(1986),SCALED,25.47,NAVD 88 ,VERTCON3,,,,,,,,UNK     ,1954,MARK NOT FOUND,CGS,,,B
         275,20241018,http://www.ngs.noaa.gov/cgi-bin/ds_mark.prl?PidBox=SX0699,-121.39583, 47.24917,SX0699,D 248,WA,KING,LESTER (2017),47 14 57.     (N),121 23 45.     (W),NAD 83,(1986),SCALED,706.440,NAVD 88 ,ADJUSTED,,,,,1,2,Y,1944    ,1958,MARK NOT FOUND,USGS,,,A
         276,20241018,http://www.ngs.noaa.gov/cgi-bin/ds_mark.prl?PidBox=SY0574,-122.23278, 47.30306,SY0574,D 252 RESET,WA,KING,AUBURN (2017),47 18 11.     (N),122 13 58.     (W),NAD 83,(1986),SCALED,28.190,NAVD 88 ,ADJUSTED,,,,,1,1,Y,1973    ,20041207,GOOD,WADT,N,20041207,B
         277,20241018,http://www.ngs.noaa.gov/cgi-bin/ds_mark.prl?PidBox=SX0727,-121.38972, 47.16306,SX0727,D 292,WA,KING,LESTER (2017),47 09 47.     (N),121 23 23.     (W),NAD 83,(1986),SCALED,726.894,NAVD 88 ,ADJUSTED,,,,,2,0,Y,1946    ,1946,MONUMENTED,CGS,,,A
         278,20241018,http://www.ngs.noaa.gov/cgi-bin/ds_mark.prl?PidBox=SY0323,-122.35500, 47.70472,SY0323,D 296,WA,KING,SEATTLE NORTH (2017),47 42 17.     (N),122 21 18.     (W),NAD 83,(1986),SCALED,112.908,NAVD 88 ,ADJUSTED,,,,,1,2,Y,1947    ,20180726,MARK NOT FOUND,GEOCAC,,,C
         279,20241018,http://www.ngs.noaa.gov/cgi-bin/ds_mark.prl?PidBox=SY0324,-122.35531, 47.70486,SY0324,D 296 RESET,WA,KING,SEATTLE NORTH (2017),47 42 17.50   (N),122 21 19.12   (W),NAD 83,(1986),HD_HELD1,112.531,NAVD 88 ,ADJUSTED,,,,,1,1,Y,1971    ,20070312,GOOD,WADT,,,D
         280,20241018,http://www.ngs.noaa.gov/cgi-bin/ds_mark.prl?PidBox=SY0340,-122.30861, 47.60139,SY0340,D 298,WA,KING,SEATTLE SOUTH (2017),47 36 05.     (N),122 18 31.     (W),NAD 83,(1986),SCALED,87.506,NAVD 88 ,ADJUSTED,,,,,1,2,Y,UNK     ,19910704,GOOD,USPSQD,,,C
         281,20241018,http://www.ngs.noaa.gov/cgi-bin/ds_mark.prl?PidBox=SY0633,-122.46833, 47.48556,SY0633,D 352,WA,KING,VASHON (2017),47 29 08.     (N),122 28 06.     (W),NAD 83,(1986),SCALED,109.184,NAVD 88 ,POSTED,,,,,,,,1956    ,1983,MARK NOT FOUND,USPSQD,,,C
         282,20241018,http://www.ngs.noaa.gov/cgi-bin/ds_mark.prl?PidBox=SY0634,-122.46917, 47.48583,SY0634,D 352 RESET,WA,KING,VASHON (2017),47 29 09.     (N),122 28 09.     (W),NAD 83,(1986),SCALED,109.19,NAVD 88 ,VERTCON3,,,,,,,,1965    ,1983,GOOD,USPSQD,,,C
         283,20241018,http://www.ngs.noaa.gov/cgi-bin/ds_mark.prl?PidBox=SY0206,-122.09528, 47.68528,SY0206,D 385,WA,KING,REDMOND (2017),47 41 07.     (N),122 05 43.     (W),NAD 83,(1986),SCALED,21.733,NAVD 88 ,ADJUSTED,,,,,1,2,Y,1959    ,20030315,MARK NOT FOUND,USPSQD,,,C
         284,20241018,http://www.ngs.noaa.gov/cgi-bin/ds_mark.prl?PidBox=SY0591,-122.24833, 47.43417,SY0591,D 407,WA,KING,RENTON (2017),47 26 03.     (N),122 14 54.     (W),NAD 83,(1986),SCALED,7.752,NAVD 88 ,ADJUSTED,,,,,1,2,Y,1965    ,1970,MARK NOT FOUND,LOCENG,,,C
         285,20241018,http://www.ngs.noaa.gov/cgi-bin/ds_mark.prl?PidBox=SY0611,-122.24556, 47.46333,SY0611,D 408,WA,KING,RENTON (2017),47 27 48.     (N),122 14 44.     (W),NAD 83,(1986),SCALED,10.150,NAVD 88 ,ADJUSTED,,,,,1,1,Y,1965    ,20190828,GOOD,GEOCAC,N,20190828,B
         286,20241018,http://www.ngs.noaa.gov/cgi-bin/ds_mark.prl?PidBox=SY0509,-122.13417, 47.31944,SY0509,D 462,WA,KING,AUBURN (2017),47 19 10.     (N),122 08 03.     (W),NAD 83,(1986),SCALED,67.977,NAVD 88 ,ADJUSTED,,,,,1,1,Y,1973    ,1973,MONUMENTED,NGS,,,C
         287,20241018,http://www.ngs.noaa.gov/cgi-bin/ds_mark.prl?PidBox=SX1012,-121.38683, 47.26211,SX1012,D 526,WA,KING,LOST LAKE (2017),47 15 43.6    (N),121 23 12.6    (W),NAD 83,(1986),HD_HELD2,769.833,NAVD 88 ,ADJUSTED,,,,,1,2,Y,1982    ,20080825,GOOD,WADNR,N,20080825,A
         288,20241018,http://www.ngs.noaa.gov/cgi-bin/ds_mark.prl?PidBox=SX0988,-121.72978, 47.25483,SX0988,D 529,WA,KING,COUGAR MOUNTAIN (2017),47 15 17.4    (N),121 43 47.2    (W),NAD 83,(1986),HD_HELD2,417.738,NAVD 88 ,ADJUSTED,,,,,1,2,Y,1982    ,20090909,GOOD,WADNR,Y,20090909,B
         289,20241018,http://www.ngs.noaa.gov/cgi-bin/ds_mark.prl?PidBox=AI3166,-122.43556, 47.40194,AI3166,D 551,WA,KING,VASHON (2017),47 24 07.     (N),122 26 08.     (W),NAD 83,(1986),SCALED,24.142,NAVD 88 ,POSTED,,,,,,,,1996    ,1996,MONUMENTED,NGS,,,B
         290,20241018,http://www.ngs.noaa.gov/cgi-bin/ds_mark.prl?PidBox=DQ5121,-122.32139, 47.57895,DQ5121,D 554,WA,KING,SEATTLE SOUTH (2017),47 34 44.21   (N),122 19 17.02   (W),NAD 83,(1986),HD_HELD1,6.780,NAVD 88 ,ADJUSTED,,,,,2,1,Y,20160728,20190517,GOOD,WA1960,Y,20190517,B
         291,20241018,http://www.ngs.noaa.gov/cgi-bin/ds_mark.prl?PidBox=DR2885,-122.28764, 47.56274,DR2885,D 555,WA,KING,SEATTLE SOUTH (2017),47 33 45.87   (N),122 17 15.52   (W),NAD 83,(1986),HD_HELD1,15.683,NAVD 88 ,ADJUSTED,,,,,2,1,Y,20190621,20190621,MONUMENTED,WA1960,Y,20190621,B
         292,20241018,http://www.ngs.noaa.gov/cgi-bin/ds_mark.prl?PidBox=SX0751,-121.87389, 47.37222,SX0751,D 67,WA,KING,CUMBERLAND (2017),47 22 20.     (N),121 52 26.     (W),NAD 83,(1986),SCALED,325.798,NAVD 88 ,ADJUSTED,,,,,1,1,Y,1934    ,20070904,GOOD,WADT,N,20070904,C
         293,20241018,http://www.ngs.noaa.gov/cgi-bin/ds_mark.prl?PidBox=DK3668,-121.92611, 47.28528,DK3668,DEEP,WA,KING,CUMBERLAND (2017),47 17 07.     (N),121 55 34.     (W),NAD 83,(1986),SCALED,257.446,NAVD 88 ,ADJUSTED,,,,,2,1,N,20070904,20070904,MONUMENTED,WADT,Y,20070904,B
         294,20241018,http://www.ngs.noaa.gov/cgi-bin/ds_mark.prl?PidBox=SY3588,-122.21944, 47.52887,SY3588,DRY,WA,KING,MERCER ISLAND (2017),47 31 43.93425(N),122 13 09.97151(W),NAD 83,(1991),ADJUSTED,7.14,NAVD 88 ,VERTCON3,,,3,Y,,,,1902    ,1919,GOOD,CGS,,,D
         295,20241018,http://www.ngs.noaa.gov/cgi-bin/ds_mark.prl?PidBox=SY4595,-122.38746, 47.59515,SY4595,DUWAMISH,WA,KING,DUWAMISH HEAD (2017),47 35 42.54105(N),122 23 14.84048(W),NAD 83,(2011),ADJUSTED,5.2,NAVD 88 ,GPS OBS,-18.390,ADJUSTED,,,,,,1933    ,20171024,GOOD,GEOCAC,Y,20060531,C
         296,20241018,http://www.ngs.noaa.gov/cgi-bin/ds_mark.prl?PidBox=SY0257,-122.32306, 47.54083,SY0257,DUWAMISH 1,WA,KING,SEATTLE SOUTH (2017),47 32 27.     (N),122 19 23.     (W),NAD 83,(1986),SCALED,5.362,NAVD 88 ,ADJUSTED,,,,,1,1,Y,1924    ,19910704,MARK NOT FOUND,USPSQD,,,D
         297,20241018,http://www.ngs.noaa.gov/cgi-bin/ds_mark.prl?PidBox=SY0259,-122.32261, 47.53953,SY0259,DUWAMISH 2 RESET,WA,KING,SEATTLE SOUTH (2017),47 32 22.3    (N),122 19 21.4    (W),NAD 83,(1986),HD_HELD2,5.595,NAVD 88 ,ADJUSTED,,,,,2,1,Y,1935    ,20190809,GOOD,GEOCAC,Y,20090704,D
         298,20241018,http://www.ngs.noaa.gov/cgi-bin/ds_mark.prl?PidBox=SY0260,-122.32292, 47.53547,SY0260,DUWAMISH 4,WA,KING,SEATTLE SOUTH (2017),47 32 07.7    (N),122 19 22.5    (W),NAD 83,(1986),HD_HELD2,3.510,NAVD 88 ,ADJUSTED,,,,,1,1,Y,1924    ,20080901,GOOD,WADT,N,20080901,B
         299,20241018,http://www.ngs.noaa.gov/cgi-bin/ds_mark.prl?PidBox=SX0704,-121.36056, 47.26611,SX0704,E 1,WA,KING,STAMPEDE PASS (2017),47 15 58.     (N),121 21 38.     (W),NAD 83,(1986),SCALED,857.667,NAVD 88 ,ADJUSTED,,,,,1,2,Y,1904    ,1944,GOOD,CGS,,,B
         300,20241018,http://www.ngs.noaa.gov/cgi-bin/ds_mark.prl?PidBox=SY0171,-122.17889, 47.58028,SY0171,E 2,WA,KING,MERCER ISLAND (2017),47 34 49.     (N),122 10 44.     (W),NAD 83,(1986),SCALED,11.51,NAVD 88 ,VERTCON3,,,,,,,,1938    ,20011020,MARK NOT FOUND,USPSQD,,,C
         301,20241018,http://www.ngs.noaa.gov/cgi-bin/ds_mark.prl?PidBox=SY0192,-122.16389, 47.62417,SY0192,E 22,WA,KING,MERCER ISLAND (2017),47 37 27.     (N),122 09 50.     (W),NAD 83,(1986),SCALED,43.63,NAVD 88 ,VERTCON3,,,,,,,,1938    ,1954,MARK NOT FOUND,CGS,,,D
         302,20241018,http://www.ngs.noaa.gov/cgi-bin/ds_mark.prl?PidBox=SX0698,-121.41139, 47.23917,SX0698,E 248,WA,KING,LESTER (2017),47 14 21.     (N),121 24 41.     (W),NAD 83,(1986),SCALED,671.117,NAVD 88 ,ADJUSTED,,,,,1,2,Y,1944    ,1944,MONUMENTED,CGS,,,A
         303,20241018,http://www.ngs.noaa.gov/cgi-bin/ds_mark.prl?PidBox=SX0708,-121.41139, 47.23917,SX0708,E 248 RESET,WA,KING,LESTER (2017),47 14 21.     (N),121 24 41.     (W),NAD 83,(1986),SCALED,670.01,NAVD 88 ,VERTCON3,,,,,,,,1973    ,1973,MONUMENTED,BNRR,,,A
         304,20241018,http://www.ngs.noaa.gov/cgi-bin/ds_mark.prl?PidBox=SX0777,-121.74694, 47.25472,SX0777,E 249,WA,KING,COUGAR MOUNTAIN (2017),47 15 17.     (N),121 44 49.     (W),NAD 83,(1986),SCALED,348.013,NAVD 88 ,ADJUSTED,,,,,1,2,Y,1944    ,1962,MARK NOT FOUND,CGS,,,B
         305,20241018,http://www.ngs.noaa.gov/cgi-bin/ds_mark.prl?PidBox=SY0500,-122.22806, 47.30803,SY0500,E 252,WA,KING,AUBURN (2017),47 18 28.9    (N),122 13 41.0    (W),NAD 83,(1986),HD_HELD2,27.490,NAVD 88 ,ADJUSTED,,,,,1,1,Y,1944    ,20190904,GOOD,GEOCAC,N,20190904,B
         306,20241018,http://www.ngs.noaa.gov/cgi-bin/ds_mark.prl?PidBox=SX0726,-121.39639, 47.15278,SX0726,E 292,WA,KING,LESTER (2017),47 09 10.     (N),121 23 47.     (W),NAD 83,(1986),SCALED,838.893,NAVD 88 ,ADJUSTED,,,,,2,0,Y,1946    ,1946,MONUMENTED,CGS,,,A
         307,20241018,http://www.ngs.noaa.gov/cgi-bin/ds_mark.prl?PidBox=SY0326,-122.35583, 47.71944,SY0326,E 296,WA,KING,SEATTLE NORTH (2017),47 43 10.     (N),122 21 21.     (W),NAD 83,(1986),SCALED,145.803,NAVD 88 ,ADJUSTED,,,,,1,1,Y,1947    ,20010421,MARK NOT FOUND,USPSQD,,,B
         308,20241018,http://www.ngs.noaa.gov/cgi-bin/ds_mark.prl?PidBox=SY0341,-122.30186, 47.60186,SY0341,E 298,WA,KING,SEATTLE SOUTH (2017),47 36 06.7    (N),122 18 06.7    (W),NAD 83,(1986),HD_HELD2,97.581,NAVD 88 ,ADJUSTED,,,,,1,2,Y,1947    ,19910704,GOOD,USPSQD,,,B
         309,20241018,http://www.ngs.noaa.gov/cgi-bin/ds_mark.prl?PidBox=SY0635,-122.46000, 47.47278,SY0635,E 352,WA,KING,VASHON (2017),47 28 22.     (N),122 27 36.     (W),NAD 83,(1986),SCALED,123.896,NAVD 88 ,POSTED,,,,,,,,1956    ,1983,MARK NOT FOUND,USPSQD,,,C
         310,20241018,http://www.ngs.noaa.gov/cgi-bin/ds_mark.prl?PidBox=SY0636,-122.46056, 47.47250,SY0636,E 352 RESET,WA,KING,VASHON (2017),47 28 21.     (N),122 27 38.     (W),NAD 83,(1986),SCALED,123.93,NAVD 88 ,VERTCON3,,,,,,,,1965    ,1965,MONUMENTED,CGS,,,C
         311,20241018,http://www.ngs.noaa.gov/cgi-bin/ds_mark.prl?PidBox=SY0208,-122.07528, 47.68778,SY0208,E 385,WA,KING,REDMOND (2017),47 41 16.     (N),122 04 31.     (W),NAD 83,(1986),SCALED,67.501,NAVD 88 ,ADJUSTED,,,,,1,2,Y,1959    ,20030315,MARK NOT FOUND,USPSQD,,,C
         312,20241018,http://www.ngs.noaa.gov/cgi-bin/ds_mark.prl?PidBox=SY0621,-122.22944, 47.47611,SY0621,E 408,WA,KING,RENTON (2017),47 28 34.     (N),122 13 46.     (W),NAD 83,(1986),SCALED,10.772,NAVD 88 ,ADJUSTED,,,,,1,1,Y,1965    ,1988,MARK NOT FOUND,USPSQD,,,D
         313,20241018,http://www.ngs.noaa.gov/cgi-bin/ds_mark.prl?PidBox=SY0610,-122.24361, 47.44972,SY0610,E 460,WA,KING,RENTON (2017),47 26 59.     (N),122 14 37.     (W),NAD 83,(1986),SCALED,9.002,NAVD 88 ,ADJUSTED,,,,,1,1,Y,1973    ,20050302,MARK NOT FOUND,USPSQD,,,B
         314,20241018,http://www.ngs.noaa.gov/cgi-bin/ds_mark.prl?PidBox=SY0510,-122.12778, 47.33028,SY0510,E 462,WA,KING,AUBURN (2017),47 19 49.     (N),122 07 40.     (W),NAD 83,(1986),SCALED,81.491,NAVD 88 ,ADJUSTED,,,,,1,1,Y,1973    ,1973,MONUMENTED,NGS,,,C
         315,20241018,http://www.ngs.noaa.gov/cgi-bin/ds_mark.prl?PidBox=SX1013,-121.38111, 47.26083,SX1013,E 526,WA,KING,LOST LAKE (2017),47 15 39.     (N),121 22 52.     (W),NAD 83,(1986),SCALED,807.755,NAVD 88 ,ADJUSTED,,,,,1,2,Y,1982    ,20080825,GOOD,WADNR,N,20080825,A
         316,20241018,http://www.ngs.noaa.gov/cgi-bin/ds_mark.prl?PidBox=SX0989,-121.72342, 47.24701,SX0989,E 529,WA,KING,GREENWATER (2017),47 14 49.23   (N),121 43 24.31   (W),NAD 83,(1986),HD_HELD1,397.011,NAVD 88 ,ADJUSTED,,,,,1,2,Y,1982    ,20180726,GOOD,INDIV,Y,20180726,B
         317,20241018,http://www.ngs.noaa.gov/cgi-bin/ds_mark.prl?PidBox=SY0178,-122.18500, 47.60778,SY0178,E 84,WA,KING,MERCER ISLAND (2017),47 36 28.     (N),122 11 06.     (W),NAD 83,(1986),SCALED,18.49,NAVD 88 ,VERTCON3,,,,,,,,UNK     ,20011020,MARK NOT FOUND,USPSQD,,,C
         318,20241018,http://www.ngs.noaa.gov/cgi-bin/ds_mark.prl?PidBox=SY4876,-122.33000, 47.77041,SY4876,ECHO,WA,KING,EDMONDS EAST (2017),47 46 13.48793(N),122 19 48.01463(W),NAD 83,(1991),ADJUSTED,170.64,NAVD 88 ,VERTCON3,,,3,Y,,,,1955    ,20190615,MARK NOT FOUND,GEOCAC,,,C
         319,20241018,http://www.ngs.noaa.gov/cgi-bin/ds_mark.prl?PidBox=AB2102,-122.37568, 47.38641,AB2102,EMILY,WA,KING,VASHON (2017),47 23 11.06629(N),122 22 32.44766(W),NAD 83,(2011),ADJUSTED,3.556,NAVD 88 ,POSTED,-19.131,ADJUSTED,,,,,N,1994    ,19961105,GOOD,NGS,Y,19961105,B
         320,20241018,http://www.ngs.noaa.gov/cgi-bin/ds_mark.prl?PidBox=DK3682,-121.95557, 47.20620,DK3682,ENUM BASE ARP,WA,KING,ENUMCLAW (2017),47 12 22.33035(N),121 57 20.04103(W),NAD 83,(2011),ADJUSTED,249.222,NAVD 88 ,ADJUSTED,227.370,ADJUSTED,,,2,1,N,20060101,20191215,GOOD,WA1960,Y,20191215,D
         321,20241018,http://www.ngs.noaa.gov/cgi-bin/ds_mark.prl?PidBox=DK3681,-121.95569, 47.20620,DK3681,ENUM RM 1,WA,KING,ENUMCLAW (2017),47 12 22.30467(N),121 57 20.47352(W),NAD 83,(2011),ADJUSTED,246.510,NAVD 88 ,ADJUSTED,224.745,ADJUSTED,,,2,1,N,20060101,20180531,GOOD,PGSINC,Y,20180531,B
         322,20241018,http://www.ngs.noaa.gov/cgi-bin/ds_mark.prl?PidBox=SY0158,-122.19889, 47.53222,SY0158,F 1,WA,KING,MERCER ISLAND (2017),47 31 56.     (N),122 11 56.     (W),NAD 83,(1986),SCALED,10.79,NAVD 88 ,VERTCON3,,,,,,,,UNK     ,1959,MARK NOT FOUND,CGS,,,C
         323,20241018,http://www.ngs.noaa.gov/cgi-bin/ds_mark.prl?PidBox=SX0705,-121.33917, 47.27361,SX0705,F 1,WA,KING,STAMPEDE PASS (2017),47 16 25.     (N),121 20 21.     (W),NAD 83,(1986),SCALED,869.630,NAVD 88 ,ADJUSTED,,,,,1,2,Y,1904    ,1944,POOR,CGS,,,B
         324,20241018,http://www.ngs.noaa.gov/cgi-bin/ds_mark.prl?PidBox=SX0697,-121.42500, 47.23139,SX0697,F 248,WA,KING,LESTER (2017),47 13 53.     (N),121 25 30.     (W),NAD 83,(1986),SCALED,640.942,NAVD 88 ,ADJUSTED,,,,,1,2,Y,1944    ,1944,MONUMENTED,CGS,,,C
         325,20241018,http://www.ngs.noaa.gov/cgi-bin/ds_mark.prl?PidBox=SX0776,-121.76833, 47.26278,SX0776,F 249,WA,KING,EAGLE GORGE (2017),47 15 46.     (N),121 46 06.     (W),NAD 83,(1986),SCALED,338.332,NAVD 88 ,ADJUSTED,,,,,1,2,Y,1944    ,1944,MONUMENTED,CGS,,,D
         326,20241018,http://www.ngs.noaa.gov/cgi-bin/ds_mark.prl?PidBox=SY0494,-122.23250, 47.31444,SY0494,F 254,WA,KING,AUBURN (2017),47 18 52.     (N),122 13 57.     (W),NAD 83,(1986),SCALED,20.250,NAVD 88 ,ADJUSTED,,,,,1,2,Y,1944    ,1978,MARK NOT FOUND,USGS,,,C
         327,20241018,http://www.ngs.noaa.gov/cgi-bin/ds_mark.prl?PidBox=SX0725,-121.40944, 47.14889,SX0725,F 292,WA,KING,LESTER (2017),47 08 56.     (N),121 24 34.     (W),NAD 83,(1986),SCALED,942.194,NAVD 88 ,ADJUSTED,,,,,2,0,Y,1946    ,1961,MARK NOT FOUND,USGS,,,A
         328,20241018,http://www.ngs.noaa.gov/cgi-bin/ds_mark.prl?PidBox=SY0314,-122.38658, 47.68314,SY0314,F 296,WA,KING,SHILSHOLE BAY (2017),47 40 59.3    (N),122 23 11.7    (W),NAD 83,(1986),HD_HELD2,77.844,NAVD 88 ,ADJUSTED,,,,,2,1,Y,1947    ,20180605,GOOD,WA1960,Y,20180605,C
         329,20241018,http://www.ngs.noaa.gov/cgi-bin/ds_mark.prl?PidBox=SY0342,-122.29556, 47.60139,SY0342,F 298 C OF S,WA,KING,SEATTLE SOUTH (2017),47 36 05.     (N),122 17 44.     (W),NAD 83,(1986),SCALED,102.665,NAVD 88 ,ADJUSTED,,,,,1,2,Y,UNK     ,1965,GOOD,CGS,,,C
         330,20241018,http://www.ngs.noaa.gov/cgi-bin/ds_mark.prl?PidBox=SY0637,-122.46083, 47.46111,SY0637,F 352,WA,KING,VASHON (2017),47 27 40.     (N),122 27 39.     (W),NAD 83,(1986),SCALED,121.709,NAVD 88 ,POSTED,,,,,,,,1956    ,19970728,GOOD,NOS,,,C
         331,20241018,http://www.ngs.noaa.gov/cgi-bin/ds_mark.prl?PidBox=SY0214,-122.04639, 47.69444,SY0214,F 385 RESET,WA,KING,REDMOND (2017),47 41 40.     (N),122 02 47.     (W),NAD 83,(1986),SCALED,159.96,NAVD 88 ,RESET,,,,,3,,N,1971    ,1988,GOOD,USPSQD,,,C
         332,20241018,http://www.ngs.noaa.gov/cgi-bin/ds_mark.prl?PidBox=SY0598,-122.26686, 47.44386,SY0598,F 408,WA,KING,DES MOINES (2017),47 26 37.9    (N),122 16 00.7    (W),NAD 83,(1986),HD_HELD2,89.653,NAVD 88 ,ADJUSTED,,,,,1,2,Y,1965    ,20190828,GOOD,GEOCAC,Y,20060228,B
         333,20241018,http://www.ngs.noaa.gov/cgi-bin/ds_mark.prl?PidBox=SY0607,-122.24722, 47.44111,SY0607,F 460,WA,KING,RENTON (2017),47 26 28.     (N),122 14 50.     (W),NAD 83,(1986),SCALED,11.748,NAVD 88 ,ADJUSTED,,,,,1,1,Y,1973    ,19940624,GOOD,WADT,Y,19940624,B
         334,20241018,http://www.ngs.noaa.gov/cgi-bin/ds_mark.prl?PidBox=AB3902,-122.24672, 47.44147,AB3902,F 460 RESET,WA,KING,RENTON (2017),47 26 29.3    (N),122 14 48.2    (W),NAD 83,(1986),HD_HELD2,9.81,NAVD 88 ,RESET,,,,,3,,Y,1994    ,20180616,GOOD,GEOCAC,Y,20050303,C
         335,20241018,http://www.ngs.noaa.gov/cgi-bin/ds_mark.prl?PidBox=SY0515,-122.09722, 47.35472,SY0515,F 462,WA,KING,BLACK DIAMOND (2017),47 21 17.     (N),122 05 50.     (W),NAD 83,(1986),SCALED,118.982,NAVD 88 ,ADJUSTED,,,,,1,1,Y,1973    ,1973,MONUMENTED,NGS,,,C
         336,20241018,http://www.ngs.noaa.gov/cgi-bin/ds_mark.prl?PidBox=SX1014,-121.37167, 47.26250,SX1014,F 526,WA,KING,STAMPEDE PASS (2017),47 15 45.     (N),121 22 18.     (W),NAD 83,(1986),SCALED,873.455,NAVD 88 ,ADJUSTED,,,,,1,2,Y,1982    ,1988,GOOD,USPSQD,,,A
         337,20241018,http://www.ngs.noaa.gov/cgi-bin/ds_mark.prl?PidBox=SX0990,-121.71722, 47.23833,SX0990,F 529,WA,KING,GREENWATER (2017),47 14 18.     (N),121 43 02.     (W),NAD 83,(1986),SCALED,396.990,NAVD 88 ,ADJUSTED,,,,,1,2,Y,1982    ,1982,MONUMENTED,NGS,,,A
         338,20241018,http://www.ngs.noaa.gov/cgi-bin/ds_mark.prl?PidBox=SX0798,-121.84611, 47.39333,SX0798,F 67,WA,KING,NORTH BEND (2017),47 23 36.     (N),121 50 46.     (W),NAD 83,(1986),SCALED,251.038,NAVD 88 ,ADJUSTED,,,,,2,0,Y,1934    ,1966,GOOD,CGS,,,B
         339,20241018,http://www.ngs.noaa.gov/cgi-bin/ds_mark.prl?PidBox=SY0168,-122.18833, 47.56028,SY0168,F 80,WA,KING,MERCER ISLAND (2017),47 33 37.     (N),122 11 18.     (W),NAD 83,(1986),SCALED,20.53,NAVD 88 ,VERTCON3,,,,,,,,1938    ,1954,MARK NOT FOUND,CGS,,,D
         340,20241018,http://www.ngs.noaa.gov/cgi-bin/ds_mark.prl?PidBox=SY4353,-122.29162, 47.51609,SY4353,F BOEING,WA,KING,SEATTLE SOUTH (2017),47 30 57.93857(N),122 17 29.82601(W),NAD 83,(2011),NO CHECK,5.60,NAVD 88 ,VERTCON3,-17.666,NO CHECK,,N,,,,1953    ,19940516,GOOD,NOSPMC,Y,19940516,C
         341,20241018,http://www.ngs.noaa.gov/cgi-bin/ds_mark.prl?PidBox=DK3664,-121.88006, 47.36308,DK3664,FIRE,WA,KING,CUMBERLAND (2017),47 21 47.07682(N),121 52 48.20736(W),NAD 83,(2011),ADJUSTED,304.633,NAVD 88 ,ADJUSTED,282.854,ADJUSTED,,,2,1,Y,20050901,20171009,GOOD,PGSINC,Y,20171009,B
         342,20241018,http://www.ngs.noaa.gov/cgi-bin/ds_mark.prl?PidBox=SY2782,-122.49141, 47.36838,SY2782,FK 1,WA,KING,TACOMA NORTH (2017),47 22 06.17529(N),122 29 29.07944(W),NAD 83,(1991),ADJUSTED,110.00,NAVD 88 ,VERTCON3,,,2,Y,,,,1972    ,1972,MONUMENTED,WA-033,,,C
         343,20241018,http://www.ngs.noaa.gov/cgi-bin/ds_mark.prl?PidBox=AI3158,-122.46611, 47.40361,AI3158,FL 13,WA,KING,VASHON (2017),47 24 13.     (N),122 27 58.     (W),NAD 83,(1986),SCALED,29.209,NAVD 88 ,POSTED,,,,,,,,UNK     ,20020820,GOOD,INDIV,N,20020820,C
         344,20241018,http://www.ngs.noaa.gov/cgi-bin/ds_mark.prl?PidBox=SY0513,-122.12086, 47.34530,SY0513,FN 116,WA,KING,BLACK DIAMOND (2017),47 20 43.06477(N),122 07 15.11364(W),NAD 83,(2011),ADJUSTED,104.872,NAVD 88 ,ADJUSTED,82.217,ADJUSTED,,,1,1,Y,1986    ,20180620,GOOD,GEOCAC,Y,20080915,C
         345,20241018,http://www.ngs.noaa.gov/cgi-bin/ds_mark.prl?PidBox=SY2204,-122.18184, 47.38687,SY2204,FN 136,WA,KING,RENTON (2017),47 23 12.73034(N),122 10 54.62836(W),NAD 83,(1991),ADJUSTED,138.65,NAVD 88 ,VERTCON3,,,2,Y,,,,1972    ,20190903,MARK NOT FOUND,GEOCAC,Y,19840612,D
         346,20241018,http://www.ngs.noaa.gov/cgi-bin/ds_mark.prl?PidBox=SY2218,-122.18685, 47.39142,SY2218,FN 137,WA,KING,RENTON (2017),47 23 29.09522(N),122 11 12.67111(W),NAD 83,(1991),ADJUSTED,144.29,NAVD 88 ,VERTCON3,,,2,Y,,,,1972    ,20221212,MARK NOT FOUND,INDIV,,,D
         347,20241018,http://www.ngs.noaa.gov/cgi-bin/ds_mark.prl?PidBox=SY3904,-122.32107, 47.65162,SY3904,FUHRMAN,WA,KING,SEATTLE NORTH (2017),47 39 05.84877(N),122 19 15.85468(W),NAD 83,(1991),ADJUSTED,18.512,NAVD 88 ,ADJUSTED,,,3,Y,2,1,Y,1953    ,20190325,GOOD,WADT,Y,20190325,D
         348,20241018,http://www.ngs.noaa.gov/cgi-bin/ds_mark.prl?PidBox=SY4182,-122.32105, 47.65166,SY4182,FUHRMAN RM 1,WA,KING,SEATTLE NORTH (2017),47 39 05.99256(N),122 19 15.77337(W),NAD 83,(1991),ADJUSTED,18.69,NAVD 88 ,VERTCON3,,,3,Y,,,,1977    ,20120711,GOOD,GEOCAC,N,20060503,D
         349,20241018,http://www.ngs.noaa.gov/cgi-bin/ds_mark.prl?PidBox=SX1593,-121.98571, 47.73829,SX1593,FUNK,WA,KING,CARNATION (2017),47 44 17.85066(N),121 59 08.54612(W),NAD 83,(2011),ADJUSTED,36.698,NAVD 88 ,ADJUSTED,13.715,ADJUSTED,,,2,2,Y,1990    ,20110407,GOOD,WA-061,Y,20110407,C
         350,20241018,http://www.ngs.noaa.gov/cgi-bin/ds_mark.prl?PidBox=SX0696,-121.43528, 47.21889,SX0696,G 248,WA,KING,LESTER (2017),47 13 08.     (N),121 26 07.     (W),NAD 83,(1986),SCALED,602.649,NAVD 88 ,ADJUSTED,,,,,1,2,Y,1944    ,1946,GOOD,CGS,,,A
         351,20241018,http://www.ngs.noaa.gov/cgi-bin/ds_mark.prl?PidBox=SX0774,-121.77278, 47.27361,SX0774,G 249,WA,KING,EAGLE GORGE (2017),47 16 25.     (N),121 46 22.     (W),NAD 83,(1986),SCALED,329.291,NAVD 88 ,ADJUSTED,,,,,1,2,Y,1944    ,1944,MONUMENTED,CGS,,,B
         352,20241018,http://www.ngs.noaa.gov/cgi-bin/ds_mark.prl?PidBox=SY0492,-122.23250, 47.32194,SY0492,G 252,WA,KING,AUBURN (2017),47 19 19.     (N),122 13 57.     (W),NAD 83,(1986),SCALED,18.333,NAVD 88 ,ADJUSTED,,,,,1,1,Y,1944    ,1987,MARK NOT FOUND,USPSQD,,,C
         353,20241018,http://www.ngs.noaa.gov/cgi-bin/ds_mark.prl?PidBox=SX0724,-121.42639, 47.14444,SX0724,G 292,WA,KING,LESTER (2017),47 08 40.     (N),121 25 35.     (W),NAD 83,(1986),SCALED,1103.831,NAVD 88 ,ADJUSTED,,,,,2,0,Y,1946    ,1946,MONUMENTED,CGS,,,D
         354,20241018,http://www.ngs.noaa.gov/cgi-bin/ds_mark.prl?PidBox=SY0312,-122.39819, 47.67942,SY0312,G 296,WA,KING,SHILSHOLE BAY (2017),47 40 45.9    (N),122 23 53.5    (W),NAD 83,(1986),HD_HELD2,64.129,NAVD 88 ,ADJUSTED,,,,,2,1,N,1947    ,20180606,GOOD,WA1960,Y,20180606,C
         355,20241018,http://www.ngs.noaa.gov/cgi-bin/ds_mark.prl?PidBox=SY0343,-122.29111, 47.60139,SY0343,G 298 C OF S,WA,KING,SEATTLE SOUTH (2017),47 36 05.     (N),122 17 28.     (W),NAD 83,(1986),SCALED,73.472,NAVD 88 ,ADJUSTED,,,,,1,2,Y,UNK     ,1965,GOOD,CGS,,,C
         356,20241018,http://www.ngs.noaa.gov/cgi-bin/ds_mark.prl?PidBox=SY0638,-122.45889, 47.44806,SY0638,G 352,WA,KING,VASHON (2017),47 26 53.     (N),122 27 32.     (W),NAD 83,(1986),SCALED,112.881,NAVD 88 ,POSTED,,,,,,,,1956    ,1989,MARK NOT FOUND,USPSQD,,,B
         357,20241018,http://www.ngs.noaa.gov/cgi-bin/ds_mark.prl?PidBox=SY0217,-122.00694, 47.70167,SY0217,G 385,WA,KING,REDMOND (2017),47 42 06.     (N),122 00 25.     (W),NAD 83,(1986),SCALED,89.911,NAVD 88 ,ADJUSTED,,,,,1,2,Y,1959    ,1988,GOOD,USPSQD,,,C
         358,20241018,http://www.ngs.noaa.gov/cgi-bin/ds_mark.prl?PidBox=SY0599,-122.28083, 47.44500,SY0599,G 408,WA,KING,DES MOINES (2017),47 26 42.     (N),122 16 51.     (W),NAD 83,(1986),SCALED,147.720,NAVD 88 ,ADJUSTED,,,,,1,2,Y,1965    ,1988,GOOD,USPSQD,,,B
         359,20241018,http://www.ngs.noaa.gov/cgi-bin/ds_mark.prl?PidBox=SY0589,-122.24917, 47.42972,SY0589,G 460,WA,KING,DES MOINES (2017),47 25 47.     (N),122 14 57.     (W),NAD 83,(1986),SCALED,7.225,NAVD 88 ,ADJUSTED,,,,,1,1,Y,1973    ,19870719,MARK NOT FOUND,USPSQD,,,C
